2542 4898
131 662 266 759 ι-Οιμ
288 660 353 734 IX.
401 663 461 734 De
483 624 612 737 cetero
636 639 841 762 dnecepte.
941 665 1016 767 575

92 866 158 923 rm,
178 847 383 933 prudentium
403 849 555 934 exemplo
576 842 770 911 defendunt:
797 864 932 932 quornm
953 840 1018 907 effe

92 943 116 1009 t,
136 934 269 996 mentiri
291 935 493 1018 intempore.
533 932 626 996 Dicet
647 933 694 1010 id,
715 930 800 1018 quod
823 930 1018 993 veriffimurn

97 1014 132 1102 ⁸)
148 1016 370 1103 prudentiam
393 1016 527 1090 carnin,
547 1027 692 1081 nmrtem
710 1014 787 1105 effe.
829 1014 1018 1079 Hortabitur

92 1116 188 1178 tores,
210 1115 246 1165 nt
266 1106 300 1165 in
324 1101 573 1179 difficultatibus,
594 1115 627 1165 et
647 1104 796 1184 angustiis
822 1099 892 1162 Deo
913 1101 1016 1161 confi·

97 1232 108 1266 ,
138 1208 242 1315 neque
262 1189 300 1250 ed
322 1190 492 1251 artificium
516 1189 694 1252 mentiendi
713 1184 909 1267 confugiant.
942 1206 1016 1247 nam

95 1274 152 1360 qui
169 1273 218 1352 2)
241 1285 368 1336 utuntur
391 1270 556 1358 perfugio,
584 1273 678 1336 facile
699 1272 878 1347 declarent,
911 1268 943 1333 se
963 1274 1018 1332 tna

92 1360 116 1421 ie
134 1360 198 1421 niti
217 1359 402 1443 prudentia,
431 1381 525 1444 quarn
551 1361 586 1422 in
608 1359 671 1422 Dei
701 1358 907 1445 providentia
928 1360 1015 1441 spem
1071 1412 1081 1423 ,

92 1464 145 1507 tre.
188 1441 256 1526 Qui
277 1449 398 1507 cautem
429 1446 478 1507 l'ui
508 1445 665 1509 mendacii
684 1439 853 1507 conferunt
885 1445 921 1506 in
948 1463 1016 1516 eae,

95 1530 165 1591 ibus
193 1535 266 1592 t'unt
298 1529 462 1592 nrendacio
484 1527 628 1615 decepti,
661 1530 687 1591 ii
708 1526 756 1608 28)
777 1528 913 1592 docendi
926 1531 1016 1602 sunt,

103 1615 245 1690 liceret)
266 1614 450 1676 hominibus
472 1618 504 1676 fe
526 1617 616 1701 ipl'oe
633 1615 752 1689 ulcisci,
773 1635 875 1701 neque
897 1613 1017 1675 malum

92 1723 98 1759 r
128 1699 394 1784 compensandum
428 1698 511 1777 effe,
552 1701 604 1765 sed
636 1703 746 1784 potius
768 1697 961 1763 vincendum
981 1698 1017 1759 in

92 1787 257 1847 vinetum:
292 1785 375 1870 quod
398 1784 537 1848 fietiam
571 1783 619 1848 ses
648 1784 743 1857 effet,
787 1786 867 1847 hanc
896 1779 1016 1845 referre

92 1889 164 1943 nm3
184 1870 306 1932 nemini
323 1883 427 1932 tamen
447 1871 537 1943 utile,
558 1874 590 1934 se
611 1876 665 1935 suo
682 1871 791 1933 ulcisci
805 1868 1015 1932 detrimento:

92 1952 134 2036 ²⁹)
157 1966 261 2018 autem
282 1954 315 2016 id
334 1946 549 2035 greviffimurn
561 1955 800 2031 detrimentum,
819 1954 904 2043 quod
923 1973 1018 2017 men-

92 2063 100 2102 r
124 2039 258 2104 dicendo
278 2036 424 2105 sacimne.
465 2038 536 2117 lie,
548 2042 603 2128 qui
623 2042 760 2105 afferunt
780 2043 937 2105 humanae
957 2059 1017 2100 ne·

92 2146 100 2188 r
129 2127 398 2203 imbecillitatem,
425 2137 456 2189 et
485 2121 712 2206 fragilitatem,
737 2126 924 2190 tradendum
954 2126 1018 2186 erit

93 2210 193 2273 officii
215 2224 439 2296 praeceptum,
468 2223 502 2273 ut
533 2213 681 2276 divinum
711 2213 868 2275 auxilium
897 2211 1017 2293 implo-

92 2346 94 2365 .
126 2319 182 2360 nec
213 2299 397 2360 infirmitati
425 2297 633 2360 humanitatis
663 2299 893 2381 obtemperent.
947 2292 1017 2375 Qui

92 2381 270 2444 uetudinem
291 2396 478 2468 opponunt,
508 2382 701 2446 admonendi
721 2380 810 2458 [unt;
837 2383 862 2444 fi
885 2380 1018 2449 mentiri

92 2475 214 2532 averunt
228 2464 284 2549 ⁵⁰),
308 2480 341 2530 ut
363 2468 439 2530 dent
462 2487 602 2550 operam,
628 2478 661 2530 ut
682 2468 869 2530 contrariam
883 2472 1018 2531 consue-

91 2574 158 2615 rem
190 2554 318 2638 capiant
346 2573 422 2616 vere
449 2552 621 2637 loquendi,
647 2554 829 2637 praesertim
859 2574 929 2615 cum
961 2550 1040 2637 qui..
1150 2602 1153 2606 .

99 2650 132 2701 et
152 2636 381 2700 consuetudine
403 2632 541 2720 peccant,
559 2638 688 2718 gravius
708 2637 903 2723 delinquant,
923 2658 1017 2724 quern
1135 2636 1138 2649 '

92 2724 122 2785 ·i.
145 2721 185 2782 Et
201 2723 351 2807 quoniam
364 2743 431 2783 nnn
442 2720 563 2796 desunt,
582 2722 637 2807 qui
652 2725 684 2785 se
698 2732 803 2802 tegent
814 2725 1017 2786 excusatione
1085 2740 1129 2785 aa.
1234 2734 1236 2739 ’

92 2829 190 2868 erum
214 2807 401 2880 hominum,
429 2826 508 2892 rinos
530 2812 639 2891 pal'tim
663 2808 805 2883 mentiri,
824 2820 856 2870 et
877 2809 1018 2895 pejerare

92 2891 230 2962 endunt;
258 2893 318 2953 hac
340 2892 465 2953 ratione
485 2890 538 2952 1111
555 2894 592 2953 eb
613 2913 647 2954 ea
668 2893 824 2978 opinione
841 2892 1019 2956 deducendi

92 3024 96 3051 ‚
118 2998 183 3039 non
196 2974 259 3040 ess'e
277 2975 450 3039 imitandos
472 2978 583 3051 melos,
601 2976 654 3040 fed
673 2978 964 3064 reprehendendos,
986 2989 1019 3043 et

92 3061 235 3141 agendos:
250 3084 319 3124 cum
328 3063 498 3145 autemipsr
507 3065 688 3139 mentimur,
706 3065 1019 3129 minueeuctoritatie

92 3146 319 3233 rpreircnsrone,
338 3159 369 3209 et
387 3149 585 3211 correctione
597 3150 728 3212 alteriue
746 3150 879 3213 nostram
899 3151 1017 3216 habere

96 3254 202 3296 onem.
251 3230 348 3295 Alios
371 3236 402 3296 se
424 3233 469 3294 ita
491 3228 717 3312 defendentes,
754 3236 837 3321 quod
864 3257 939 3299 vera
963 3236 1016 3299 di-

92 3342 128 3395 e,
151 3324 243 3403 saepe
267 3318 472 3380 incommodo
493 3319 553 3380 tint
571 3321 693 3397 affecti,
724 3320 769 3382 fic
790 3317 938 3385 refellerit
966 3326 1016 3386 se-

92 3416 168 3479 ntes,
201 3401 264 3465 effe
293 3404 383 3464 illam
410 3404 656 3481 accusationem,
687 3427 754 3466 non
782 3402 1015 3473 detentionem:

102 3490 138 3563 [11
159 3488 297 3550 officium
313 3485 480 3549 Christiani
493 3488 649 3567 hominis,
669 3490 817 3574 quemvis
834 3492 941 3575 potine
962 3489 1014 3555 fe·

99 3576 269 3658 jacturam,
289 3594 383 3660 quam
405 3573 545 3635 mentiri.
587 3572 714 3637 Restant
735 3574 797 3637 duo
816 3597 931 3653 genera
954 3597 1012 3642 eo·
1081 3601 1124 3650 aa.
1219 3636 1224 3645 ,

92 3708 94 3724 .
115 3661 170 3747 qui
184 3664 213 3722 se
225 3660 259 3721 in
271 3657 435 3721 mendacio
454 3661 621 3731 excusent3
643 3658 744 3734 alteri,
772 3661 953 3744 quidicant,
981 3668 1013 3728 se

92 3746 172 3809 :ausa
185 3744 336 3819 mentiti3
359 3743 461 3822 alteri,
485 3742 611 3819 [eidem
623 3740 885 3808 iacereutilitatie
900 3749 1013 3830 gretia,

92 3852 132 3917 pe
149 3832 203 3917 qui
225 3831 304 3892 bene
325 3851 382 3891 nec
398 3841 549 3905 emerent,
570 3851 628 3892 nec
645 3831 827 3905 venderent,
848 3831 906 3895 nisi
919 3853 1012 3899 rnen-

92 3939 132 3980 rm
153 3917 351 3978 adhiberent.
371 3925 521 4000 utrosque
539 3919 626 3979 afuc
650 3916 903 3982 erroreParochi
918 3938 1011 3984 aver·

112 4172 160 4222 Ita
179 4168 240 4222 bene
261 4166 338 4222 Clem.
356 4175 384 4216 et
405 4168 485 4229 ναις
508 4178 571 4224 cett.
591 4170 647 4227 nn,
667 4146 729 4240 'qui
748 4200 782 4211 -
831 4175 876 4241 28)
894 4170 933 4228 hi'
943 4193 1008 4227 omn.

92 4251 132 4295 ror.
147 4240 224 4297 ctam.
242 4269 273 4280 -
321 4238 367 4306 29)
394 4235 430 4291 est
447 4236 543 4298 Feb,
570 4241 635 4296 Vm.
652 4271 687 4281 -
727 4243 773 4309 30)
791 4245 919 4300 consuev.
936 4247 1010 4302 eaed.

97 4367 177 4421 Rom.
195 4372 221 4431 8,
237 4382 259 4424 e.
276 4392 312 4405 ·-
347 4363 539 4445 y)}t0m.¹122
560 4382 594 4425 n·
621 4383 658 4426 re.
674 4364 713 4425 21'.
727 4376 746 4429 1
762 4366 836 4423 Pen.
853 4375 879 4433 3,
893 4384 916 4426 ς.
1145 4404 1151 4435 ,
