2542 4898
124 334 127 341 .

255 354 269 367 n

1085 622 1097 653 t·

240 659 331 753 (lap.
355 655 437 727 XII.
489 653 548 726 De
572 656 763 728 undecimo
792 661 891 729 artic.
944 682 947 688 ’
1007 634 1092 746 225¹¹
1140 708 1143 712 ‚

59 842 204 918 scilicet,
224 851 258 904 et
281 837 362 916 doc,
389 857 468 924 quea
490 835 626 916 officiet,
654 859 696 901 ne
716 839 837 903 inolesti
860 842 981 931 aliquid
1003 822 1082 929 pati}

62 932 178 993 ullove
213 926 348 1002 dolore,
388 934 442 985 aut
475 924 681 986 incommodo
716 923 803 987 a'ftici
832 940 957 1013 queant.
993 931 1082 992 nibil

61 1017 153 1077 enirn
165 1026 220 1075 aut
233 1007 392 1090 frigorum
408 1011 471 1084 vir,
485 1021 548 1076 xeut
560 1012 706 1071 ssarnruae
722 1011 827 1086 ardor,
848 1027 902 1075 aut
930 1028 1083 1099 aquarum

61 1103 206 1183 irupetue
230 1094 335 1158 obelle
351 1095 398 1155 eis
420 1096 551 1178 poterit.
589 1093 622 1167 ¹¹)
637 1094 848 1170 Seminatur,
869 1097 1083 1184 inspuitApo-

62 1187 172 1258 llatae,
194 1181 231 1244 ia
244 1177 475 1262 corruptione.
486 1176 618 1264 surget
634 1176 671 1239 ia
687 1178 956 1264 incorruptione.
982 1181 1082 1263 Quod
1110 1205 1113 1209 ·

61 1282 171 1335 autern
200 1264 486 1349 irnpal'libilitatern
521 1265 649 1347 putica,
691 1284 783 1346 quarn
808 1267 1082 1352 incorruptionem

62 1354 241 1420 fclrolallic'r
264 1348 480 1434 appellarint,
500 1368 536 1410 ea
558 1353 646 1409 caul'a
670 1342 742 1421 suu,
765 1361 816 1424 ut,
838 1351 921 1436 quud
941 1355 982 1415 etr
1003 1375 1083 1439 pro-

67 1442 176 1526 priurn
200 1438 346 1520 corporis
366 1433 515 1514 glorioli‚
549 1435 771 1512 lignilirarent.
806 1457 871 1497 non
901 1440 987 1500 eninr
1017 1441 1104 1500 ira·-

66 1526 255 1611 pall'rbilitas
287 1521 355 1581 illie
386 1518 624 1580 communicati
647 1540 716 1579 curn
739 1518 913 1593 darnnatis,
946 1544 1082 1609 quorunr

65 1630 220 1695 corpora,
244 1606 320 1667 licet
341 1604 597 1687 incorruptibilia
616 1605 696 1677 lint,
722 1605 856 1667 aetloare
879 1617 983 1671 tarnen
1006 1612 1084 1692 pos·

67 1703 158 1771 funt,
181 1707 276 1778 atque
297 1690 424 1769 algere,
446 1689 609 1773 variisque
630 1689 820 1750 cruciatibus
844 1690 936 1753 allici.
991 1693 1083 1756 llenc
1194 1702 1197 1707 ’

66 1789 162 1844 conl'c
188 1781 273 1839 uitur
294 1774 437 1847 claritas,
459 1794 519 1858 qua
541 1779 719 1836 sanctornrn
741 1795 895 1858 corpora,
926 1789 1083 1865 tamquam

67 1867 137 1940 ful,
165 1803 346 1935 intuebunt.
367 1859 411 1920 ita
432 1862 555 1919 euirna
583 1858 621 1919 ud
645 1866 784 1920 tanctuur
806 1859 1002 1923 llattlraeurn
1034 1874 1085 1926 te·

67 1953 163 2028 [latur
183 1949 331 2010 Salvator
351 1943 470 2005 noller:
494 1941 521 2019 t)
543 1881 632 2023 dirsti
643 1987 652 2015 ‚
674 1945 790 2027 inquit,
811 1941 999 2032 fulgebant
1015 1945 1085 2030 fic-

68 2045 112 2098 ert
145 2029 198 2115 fol
225 2030 263 2094 in
286 2048 393 2113 regno
413 2025 529 2111 patria
549 2047 676 2090 eorum.
734 2024 785 2090 Ac
817 2052 857 2090 no
882 2033 953 2116 quis
984 2030 1083 2094 daeo

68 2120 249 2192 dubitaret,
271 2120 344 2178 luae
364 2113 653 2193 transfigurationis
674 2116 826 2199 exemplo
844 2113 877 2191 ¹¹)
899 2116 1085 2182 declaravit.

69 2204 165 2267 Hauc
201 2199 361 2265 interdurn
393 2194 564 2281 Apollolus
595 2199 747 2276 gloriam,
779 2198 876 2261 rnodo
907 2203 1085 2267 claritatem

68 2284 221 2374 appellat.
277 2287 300 2362 ¹)
321 2277 560 2363 Reformabit,
580 2282 703 2365 inquit,
723 2301 846 2366 corpur
870 2283 1086 2351 humilitatis
1168 2285 1180 2301 ⁸

69 2373 204 2460 nostrae
225 2364 486 2452 configuratam
504 2367 639 2449 corpori
652 2363 829 2429 claritatis
849 2367 944 2449 lirae.
967 2383 998 2432 et
1013 2393 1086 2434 rnr-

25 2466 32 2476 ‘
70 2468 159 2523 l'unr:
188 2462 229 2530 m)
253 2451 455 2516 Seuriuarur
478 2448 514 2511 iu
536 2446 777 2534 ignobilitate,
800 2451 981 2536 jurgetia
1003 2455 1086 2539 glo-

70 2543 140 2605 ria.
196 2539 301 2618 liujus
335 2537 433 2597 etiarn
463 2535 583 2614 gloriae
616 2536 787 2612 iruaginenr
817 2537 973 2620 quandam
1002 2540 1087 2601 vidit

73 2628 216 2713 populus
238 2624 334 2685 ll'rael
355 2623 389 2682 in
413 2620 556 2691 delectu,
591 2640 663 2680 curn
695 2617 793 2682 facies
814 2621 930 2700 rlloylie
952 2644 994 2684 ex
1014 2627 1100 2686 col-r
1144 2622 1160 2638 “

72 2716 206 2798 loquio,
227 2721 259 2771 et
281 2706 457 2792 praesentia
479 2702 542 2765 Dei
565 2704 608 2764 ita
629 2706 816 2778 collocaret,
834 2712 865 2780 ¹¹)
900 2720 933 2767 ut
962 2710 996 2771 in
1015 2730 1085 2772 earn

72 2801 137 2860 filii
159 2797 257 2860 ll’rael
291 2793 401 2855 oculus
436 2789 602 2866 inlaudata
631 2811 695 2850 non
732 2789 867 2873 pollent.
923 2791 972 2854 Ett
1006 2815 1084 2856 vero

71 2886 203 2945 claritas
233 2882 309 2938 baec
343 2873 452 2953 fulgor
481 2871 610 2958 quidarn
631 2895 673 2934 ex
695 2880 811 2935 l'urnrna
830 2875 954 2938 aninree
977 2871 1086 2940 felici·
1146 2938 1150 2945 ,

74 2981 139 3030 tate
160 2970 200 3029 ed
223 2982 338 3046 corpus
360 2957 557 3030 redundans,
586 2962 629 3018 ita
654 2969 687 3019 ut
709 2962 746 3020 lit
767 2960 917 3044 quaedam
940 2984 1087 3026 corninu-

73 3054 196 3116 nicatio
233 3051 320 3110 illius
355 3044 580 3117 beatitudinis,
623 3064 682 3129 qua
716 3047 821 3107 anirua
853 3041 988 3109 fruitur:
1023 3070 1086 3134 quo

75 3139 174 3200 inodo
195 3139 292 3196 etiarn
314 3132 419 3191 nnirno
444 3130 510 3212 ipsa
534 3130 621 3189 beata
644 3127 796 3204 allicitur,
835 3131 918 3216 quod
953 3132 986 3194 in
1016 3154 1085 3197 earn

74 3244 149 3308 pare
170 3223 300 3282 divinae
322 3212 486 3279 solicitatis
517 3212 689 3276 derivetur.
755 3215 825 3276 lloc
858 3238 931 3277 vero
955 3239 1087 3282 rnunere

74 3332 141 3371 non
163 3327 264 3391 acque
294 3322 424 3372 ornnes,
454 3298 587 3382 perinde
605 3318 639 3358 ac
667 3298 790 3381 prirno,
824 3303 929 3362 ornari
953 3303 1089 3366 creden-

76 3397 151 3455 duru
176 3393 228 3453 etl.
249 3396 343 3450 erunt
363 3384 492 3470 quideur
513 3387 691 3445 sanctoruni
705 3405 840 3468 corpora
857 3388 965 3449 onnria
988 3408 1088 3475 aeque

76 3476 299 3562 irnpalfibilie,
333 3473 386 3533 t'ed
424 3467 559 3531 eundern
587 3467 789 3551 splendorem
823 3492 888 3532 rron
919 3472 1087 3535 habebunt.

78 3585 170 3635 narn,
202 3574 235 3622 ut
272 3556 396 3618 testatur
418 3553 607 3636 Apostolus,
634 3555 688 3629 ¹¹¹¹)
709 3550 796 3615 Atia
817 3551 971 3616 'claritas
985 3553 1089 3638 solie,

77 3647 153 3708 alia
192 3642 340 3707 claritas
376 3637 498 3711 trinae,
538 3647 572 3698 et
605 3634 679 3698 alia
714 3633 860 3696 clarita-a
887 3635 1090 3722 stellarum:

10 3744 12 3759 ¹
74 3729 176 3816 stella
202 3727 294 3793 errim
319 3746 343 3785 a
355 3720 461 3809 stella
483 3717 605 3807 differt
632 3718 669 3781 ia
689 3717 869 3797 claritate3
911 3717 955 3796 fic
978 3731 1012 3782 et
1035 3742 1093 3784 re·-
1126 3784 1132 3789 ,

75 3812 249 3900 surrectio
274 3817 498 3873 niortaorum.
555 3805 641 3866 Curn'
666 3807 723 3865 bac
755 3804 835 3882 alote,
859 3807 1022 3887 conjunctu
1051 3806 1093 3871 est

78 3904 156 3972 illo,
195 3917 288 3983 quanr
318 3895 497 3972 agilitatem
530 3903 665 3965 vorant,
704 3908 761 3973 qua
789 3911 904 3973 corpus
925 3894 963 3952 ab
984 3904 1093 3969 onere,

77 4007 144 4072 quo
158 4002 243 4044 nunc
265 3980 433 4065 proruitur,
451 3977 654 4038 liberabitur:
679 3971 903 4060 facillimeque,
925 3977 959 4038 iu
981 3997 1095 4062 quarn·

79 4088 216 4153 cumque
238 4080 357 4150 partem
380 4063 486 4123 anirna
508 4063 664 4137 voluerit,
685 4062 727 4122 ita
749 4061 875 4124 moveri
897 4068 1035 4148 poterit,
1059 4074 1094 4126 ut

75 4196 525 4218 ...Μ

115 4271 447 4340 u)1c0r.15‚rr.-
492 4271 517 4338 i)
536 4268 635 4324 Moab
654 4274 814 4332 13‚n.-
854 4264 888 4331 tr)
905 4237 944 4320 ib.
958 4270 1002 4326 17,
1018 4282 1095 4326 e.-·
1139 4244 1141 4249 ⁵

116 4344 234 4413 uruit.
256 4351 288 4408 3,
312 4362 401 4401 an-
447 4341 781 4410 ru)1Cor·15.ra.-
828 4333 1097 4404 &Enattara

117 4418 255 4481 2Cor·3‚
279 4432 356 4472 r.-
391 4413 722 4482 nnJ1Cor.15,trcq·
928 4426 934 4433 ·

467 4531 470 4533 ·
848 4502 875 4568 P
