2542 4898
239 590 329 708 Gap.
345 609 409 683 tlt.
458 609 516 681 De
541 609 696 683 secundo
715 625 920 711 praecepto
1022 624 1097 701 503
1199 725 1210 739 .

71 796 184 881 jerom
206 792 280 862 elie.
323 793 436 860 Simili
459 816 586 882 quoque
605 794 733 859 ratione
758 794 794 879 1)
815 798 954 883 pejerat,
1001 799 1097 863 ulid
1204 844 1209 858 .

73 882 178 965 jurat,
198 880 284 967 qood
306 901 419 945 rerum
439 880 618 958 existimet,
639 892 673 945 et
696 892 804 945 umen
825 902 863 944 re
886 905 961 947 vera
980 822 1098 951 dolium

75 966 140 1031 ed:
161 966 240 1045 nili,
260 979 414 1054 quantum
435 969 559 1053 potuit,
580 988 704 1040 curarn,
724 976 756 1031 et
778 967 982 1055 diligentiam
1002 971 1100 1034 adhi-

73 1053 207 1128 buerit,
238 1066 274 1115 ut
301 1064 401 1116 totam
432 1073 501 1114 rem
531 1065 745 1138 compertam,
775 1064 869 1139 atqua
898 1057 1100 1141 exploratam

78 1138 222 1201 haberat.
244 1140 391 1225 quemvis
418 1139 506 1200 onim
529 1138 628 1225 ipliue
657 1139 761 1202 oratio
791 1140 894 1203 menti
912 1143 1101 1219 consentiat,

80 1238 191 1286 tamen
212 1224 306 1308 hujoa
329 1224 491 1310 praecepti
518 1245 593 1288 reue
625 1224 675 1289 all.
728 1222 877 1307 Ejusdem
910 1247 989 1290 vero
1021 1248 1099 1313 peo—
1207 1274 1214 1287 ‚

81 1311 147 1371 cati
167 1330 242 1372 reue
263 1310 437 1373 cenl'enduo
459 1309 517 1380 eli,
547 1313 663 1397 quite
683 1309 806 1397 aliquid
825 1311 1025 1394 jurejurando
1050 1308 1102 1376 la·-

82 1407 210 1458 cturom
236 1395 419 1481 promittit,
452 1417 524 1458 cum
549 1409 653 1461 tamen
674 1407 728 1458 aut
749 1396 941 1481 promill'um
962 1399 1102 1484 implere

82 1480 250 1543 inanimo
270 1502 337 1543 non
359 1476 476 1556 fuerit,
506 1492 578 1557 aul,
608 1478 735 1559 bfuit,
765 1480 850 1567 qood
871 1485 1034 1569 promisit,
1066 1502 1106 1567 re¹

82 1566 154 1650 ipla
174 1588 243 1629 non
264 1567 396 1651 praellat
417 1564 483 1647 20);
531 1567 595 1633 uod
617 1567 715 1629 etiam
735 1566 774 1629 ad
794 1589 852 1630 eoo
874 1571 1023 1652 pertinet,
1045 1570 1099 1656 qni

84 1672 157 1713 curn
178 1654 212 1713 le
234 1653 304 1714 voti
328 1653 495 1737 spontione
508 1588 586 1716 itan
616 1653 818 1732 obligarunt,
850 1676 916 1717 non
937 1654 1103 1739 praestent.

83 1734 250 1799 Praeterea
272 1738 306 1800 in
330 1739 391 1801 boc
414 1750 618 1823 praeceptum
639 1749 802 1823 peccatur,
835 1738 860 1799 st
881 1739 958 1801 defit
977 1740 1101 1823 jullitie,
1211 1769 1217 1782 ·

85 1842 166 1909 quae
189 1844 232 1884 ex
253 1823 354 1885 tribue
374 1823 578 1906 jurisjurandi
604 1824 775 1888 comitibus
804 1845 865 1885 uua
887 1825 937 1891 est.
992 1822 1105 1925 ltaque

85 1910 118 1970 oi
139 1908 214 1994 quie
237 1909 318 1989 juret
339 1914 371 1971 te
393 1922 553 1993 peccatum
576 1910 706 1995 aliquod
730 1904 932 1973 mortiferum
952 1914 1106 1973 commil-

83 1996 210 2069 surum,
247 1993 391 2080 exempli
412 2002 520 2069 caule,
549 1993 674 2059 caedem
697 1994 865 2070 hominis,
894 1996 989 2079 hujus
1011 2016 1106 2082 prae·

84 2078 174 2165 cepti
196 2098 267 2141 reue
288 2078 346 2154 att,
383 2079 460 2141 licat
480 2082 540 2142 ille
563 2081 663 2157 letio,
696 2094 789 2167 atquo
817 2082 988 2144 exanimo
1011 2082 1105 2157 dicat,

85 2174 119 2227 et
135 2164 359 2249 jusjurandum
391 2166 560 2228 veritatem
592 2167 727 2242 habeat,
764 2186 860 2253 quem
893 2168 1000 2253 primo
1031 2168 1104 2229 loco

85 2251 212 2337 requiri
230 2248 474 2318 declaravimus.
517 2249 581 2314 His
600 2251 729 2334 adjungi
756 2250 874 2314 debent
901 2253 959 2314 illa
980 2250 1106 2335 jurandi

69 2356 222 2415 ,genem
243 2357 322 2422 quae
343 2357 361 2396 a
382 2347 567 2421 contemptu
589 2337 728 2424 quodam
751 2338 1013 2421 proficiscuntur,
1033 2358 1105 2401 com

85 2420 160 2507 quia
181 2421 261 2503 jurat
281 2425 314 2483 le
334 2443 402 2485 nou
423 2424 714 2507 obtemperaturum
729 2421 925 2503 euangelicis
944 2423 1106 2486 contiliiet

86 2505 266 2590 cujusmodi
287 2511 376 2581 lunt,
411 2527 492 2592 quae
520 2506 559 2569 ad
581 2509 792 2583 caelibatum,
824 2519 857 2571 et
887 2520 1106 2593 paupertatem

88 2590 271 2655 hortantur.
289 2593 436 2678 quamvis
457 2591 545 2655 enim
569 2614 666 2657 nemo
688 2614 724 2655 ea
747 2591 920 2655 necelsario
940 2594 1031 2683 l'equi
1046 2592 1107 2657 de·

87 2678 179 2743 boat:
215 2678 331 2762 liquis
355 2688 458 2739 tamen
480 2678 580 2761 juret,
609 2678 700 2740 nulle
730 2681 761 2739 le
781 2678 852 2740 illie
873 2698 984 2763 parere
1003 2678 1108 2743 conli-

85 2764 163 2838 liie,
195 2761 226 2824 ie
254 2784 294 2824 eo
318 2761 517 2845 jurejurando
543 2762 656 2825 divina
684 2762 815 2825 contilia
845 2766 1040 2840 contemnit,
1073 2774 1107 2827 et

86 2848 204 2913 violat.
260 2847 442 2922 Praeterea,
471 2848 553 2910 banc
581 2849 688 2929 legem
712 2848 743 2911 ie
772 2848 889 2925 violat,
925 2861 958 2913 et
987 2849 1107 2933 judicio
1216 2892 1221 2905 .

86 2941 218 3021 peccet,
239 2935 310 3018 qui,
332 2933 417 3019 quod
437 2954 550 2996 verum
572 2935 622 3011 etl,
642 2935 734 3017 juret,
754 2932 850 3019 idque
872 2933 917 2995 ita
939 2934 971 2998 le
992 2936 1109 2997 habore

86 3017 265 3092 existimat,
299 3020 427 3081 levibus
453 3018 641 3105 quibusdam
663 3020 854 3101 conjecturis
873 3018 1045 3098 adductus,
1064 3028 1110 3081 et

86 3106 190 3185 longe
212 3103 333 3187 petitis.
356 3106 506 3167 numelli
530 3105 713 3191 hujusmodi
740 3103 956 3188 jusjurandum
987 3104 1109 3168 veritos
1168 3162 1170 3167 .

87 3191 280 3264 comitetur,
325 3192 422 3252 l'ubell
454 3202 561 3254 tamen
588 3193 698 3278 aliquo
735 3191 833 3254 modo
863 3185 998 3256 sallum:
1033 3182 1109 3253 neth

87 3277 164 3424 qplio
183 3276 1110 3439 bqrpqquerpqqsoju1qulppeamppqpmpejerzpdi“qu
1169 3328 1174 3341 Ι
1217 3384 1223 3397 ·

86 3451 143 3512 soe
164 3444 242 3507 deon
262 3447 355 3529 jurat.
376 3444 451 3530 quid
471 3382 558 3508 eniin
577 3448 617 3509 ell
640 3467 657 3508 a
679 3385 815 3509 variiate
836 3384 994 3522 a’lidniuap,
1016 3467 1110 3532 qoem

89 3531 260 3596 mendaces
296 3541 328 3592 et
360 3530 493 3592 fictitios
531 3531 630 3606 deos,
659 3541 819 3618 tamquam
852 3552 965 3594 verum
994 3530 1110 3607 Deum,

88 3614 220 3681 teliaci?
274 3615 400 3679 Veram
432 3615 586 3702 quoniam
621 3614 681 3679 icti
708 3628 794 3690 turo,
831 3637 902 3677 com
933 3616 1110 3700 perjurium
1215 3652 1224 3671 ·

90 3701 285 3779 interdixit,
315 3703 440 3788 inquit:
470 3700 502 3785 ⁸)
526 3699 603 3765 Nec
627 3638 762 3786 podium
794 3721 915 3763 nomen
937 3698 1009 3763 Dei
1037 3700 1110 3765 tui:

89 3788 253 3871 neglectio
276 3788 479 3871 prohibetor,¹
508 3806 589 3874 quae
603 3779 755 3867 fugienda
768 3785 808 3848 elt
818 3787 854 3848 in
864 3786 1012 3872 ¹reliquie,
1036 3786 1110 3873 qoi—
1240 3844 1244 3861 ,

89 3879 152 3939 bne
166 3894 208 3935 ex
220 3873 315 3953 hujus
333 3872 497 3958 praecepti
512 3871 699 3935 auctoritate
720 3872 828 3936 bonor
847 3869 995 3934 debetur:
1017 3873 1111 3959 quale

91 3962 134 4025 alt
156 3959 287 4021 verbum
311 3957 393 4036 Dei,
423 3960 510 4043 cujus
528 3958 717 4043 majestatem
738 3978 806 4021 non
825 3958 930 4021 solum
951 3956 1022 4043 pii,
1056 3956 1109 4021 led
1203 3984 1206 3989 ·

126 4151 176 4218 20)
191 4148 308 4223 praestet
326 4122 396 4204 Ven.¹

128 4262 156 4326 r)
171 4260 223 4313 lira
252 4266 302 4320 23,
321 4274 357 4315 11.
382 4255 458 4325 Aug.
482 4256 511 4307 d.
535 4254 554 4309 l.
573 4253 603 4307 C·
628 4261 672 4312 12.
695 4254 733 4318 (Ρ.
758 4252 833 4318 602.)
859 4258 949 4318 etep.
967 4254 1011 4309 47.
1037 4264 1064 4329 n,
1083 4255 1109 4311 2.

130 4332 169 4399 (p.
188 4332 243 4395 83.)
262 4359 296 4370 -
333 4331 358 4394 1)
380 4328 444 4381 Lev.
463 4333 513 4391 tlt,
534 4342 567 4380 ta.
