2542 4898
246 672 334 769 Cup.
356 669 454 742 xlll.
503 669 562 739 De
585 669 798 740 duodecimo
821 672 918 743 artic.
1011 686 1110 758 235r
1161 650 1167 666 ⁸
1242 742 1245 749 ,

878 798 881 808 ¹
1239 790 1248 819 1

71 847 267 930 magnificae
297 847 412 936 domus
444 845 592 934 pottattto
626 847 665 911 ad
694 849 865 913 humanam
901 846 1089 918 felicitatem
1175 820 1181 843 Ι

73 937 238 1021 pertinet,
260 934 335 1022 quid
357 933 443 995 caelo
466 935 561 1017 ipso,
592 934 677 1019 quod
696 933 759 996 Dei
780 936 922 998 claritate
948 941 1090 1026 undique

72 1021 294 1096 collustretur,
326 1020 379 1080 vel
399 1021 557 1102 amplius,
585 1020 639 1081 vel
669 1021 923 1100 magnificentius
952 1027 1091 1103 cogitat-i
1176 1028 1191 1097 J

72 1103 201 1191 potest?
245 1103 354 1188 Quare
373 1103 552 1188 Propheta,
575 1124 647 1165 cum
671 1106 737 1186 ejus
760 1105 918 1166 domicilii
940 1110 1089 1191 pulchri-

72 1191 220 1253 tudinem
241 1191 299 1251 libi
317 1200 392 1252 ante
413 1191 524 1250 oculos
540 1201 684 1272 poneret,
706 1202 737 1250 et
760 1192 796 1251 nd
821 1193 924 1252 beatas
942 1196 1015 1254 illas
1036 1201 1090 1256 l'e-

72 1273 131 1338 des
160 1274 373 1359 perveniendi
395 1274 568 1356 cupiditate
595 1275 734 1348 auderet,
753 1272 785 1349 ¹¹)
815 1274 928 1353 annt
951 1275 1090 1357 dilecta,

71 1362 109 1422 in
136 1363 202 1438 uit,
238 1356 465 1422 tabernacula
486 1367 549 1420 tun
570 1356 720 1421 Domine
741 1357 934 1422 uirtutum.-
965 1383 1091 1425 concn-

72 1383 201 1531 piicin
221 1452 255 1507 et
276 1437 395 1522 deficit
417 1439 538 1504 eninm
558 1464 635 1504 men
657 1441 694 1503 in
721 1441 819 1503 atrio
837 1441 981 1506 Domini
989 1467 1000 1520 3
1033 1467 1090 1509 cor

74 1550 209 1608 meum,
243 1536 276 1590 et
296 1547 377 1588 coro
394 1546 471 1588 men
491 1522 755 1608 exsultaverunt
775 1525 813 1586 in
830 1524 945 1589 Deum
963 1529 1089 1594 cimon.

74 1611 205 1701 Atque,
226 1625 261 1675 ut
282 1613 336 1672 ltic
358 1612 396 1671 fit
415 1613 560 1672 omnium
583 1612 725 1673 fidelium
746 1611 882 1687 animus,
906 1612 979 1674 haec
1000 1637 1091 1676 com-
1113 1659 1116 1669 .

74 1700 186 1762 munis
209 1699 353 1762 omnium
376 1717 453 1770 vox,
475 1696 741 1781 quemadmodum
755 1695 892 1758 l'arcclri
913 1700 1091 1763 vehemen-

76 1796 127 1848 ter
149 1796 279 1871 optare,
302 1783 348 1843 ita
369 1782 467 1845 etiam
488 1783 579 1843 omni
600 1781 699 1844 lindio
722 1802 829 1843 curate
851 1782 975 1845 debent.
998 1785 1040 1867 4-

75 1917 163 2006 [Qu.
184 1929 218 1996 9.
261 1917 483 1983 Praemiiane
513 1915 657 1995 iisdem,
701 1914 794 1979 citra
830 1915 941 1982 ullum
963 1917 1092 1983 diacri-

253 2025 351 2082 men,
380 2000 474 2067 beuti
496 2000 742 2091 afficientur?]

142 2114 261 2192 *nam*
284 2115 309 2193 t)
330 2115 373 2180 Jn
401 2114 499 2177 domo
526 2112 645 2197 patria
675 2111 759 2191 mei,
789 2113 896 2200 inquit
922 2113 1092 2192 Dominur,

77 2218 269 2262 ntantonee
294 2199 428 2262 mttltue
446 2196 554 2282 sunm·
574 2199 606 2258 in
629 2200 743 2282 quibus
766 2202 892 2278 nrajora,
914 2213 947 2262 et
968 2203 1094 2264 minora

76 2285 242 2367 praemia,
264 2297 297 2346 ut
313 2287 446 2370 quisque
462 2285 655 2367 promeritus
669 2285 741 2359 erit,
764 2284 944 2347 reddentur.
969 2285 1001 2361 tr)
1020 2284 1093 2365 Qui
1192 2354 1202 2367 ,

78 2369 169 2431 enim
188 2370 480 2453 parceseminat,
505 2386 609 2450 parce
639 2366 734 2443 et11)
759 2379 881 2430 metet:
908 2380 938 2431 et
958 2369 1018 2453 qni
1028 2367 1094 2454 se-

78 2451 196 2515 minat
206 2453 244 2514 in
253 2447 551 2526 benedictionibus,
572 2448 614 2511 de
630 2446 919 2514 benedictionibus
933 2463 966 2515 et
980 2463 1094 2517 metet.

79 2534 193 2620 Quare
205 2560 269 2599 non
285 2541 386 2599 l'ulum
397 2537 434 2597 ad
447 2558 514 2596 eam
528 2536 755 2596 beatitudinem
769 2538 880 2597 fideles
901 2541 1091 2616 excitabunt,
1101 2548 1172 2598 x1tt.

79 2642 196 2684 verum
219 2624 315 2684 etiam
350 2624 416 2703 ejus
436 2620 673 2705 consequendae
698 2633 814 2681 certam
834 2624 991 2684 rationem
1012 2625 1094 2687 lianc

80 2706 146 2771 effe
161 2704 343 2792 frequentet
355 2708 541 2779 monebunt,
565 2717 600 2765 ut
622 2706 694 2780 fide,
717 2717 750 2766 et
773 2707 1091 2786 cltatitatainllructi,
1141 2771 1148 2786 ,

81 2809 116 2857 οι
136 2794 175 2856 in
193 2795 350 2868 oratione,
371 2804 403 2854 et
424 2798 692 2854 incrementorum
715 2791 842 2851 salutari
866 2797 919 2852 ul'u
943 2798 1095 2877 perleve·

81 2888 211 2952 rantes,
242 2878 279 2938 ad
304 2880 412 2939 omnia
434 2875 640 2952 benignitatis
664 2875 767 2936 officia
796 2877 831 2935 in
863 2884 1032 2960 proximos
1061 2884 1095 2943 l'o

80 2975 263 3028 exerceant.
284 2963 437 3032 itaenim
460 2958 521 3021 Dei
545 2960 761 3021 misericordia
790 2963 863 3036 liet,
897 2964 952 3046 qui
974 2965 1096 3027 beatam

79 3050 176 3111 illam
198 3048 335 3127 gloriam
352 3048 561 3125 diligentibus
584 3046 616 3108 ie
639 3047 847 3130 praeparavit,
869 3048 1095 3133 utaliquando

80 3135 257 3218 impleatur
281 3132 365 3217 quod
397 3132 516 3193 dictum
544 3131 585 3191 est
617 3152 675 3213 per
696 3131 912 3214 l'rophetatu:
942 3132 968 3210 l)
992 3131 1097 3195 Sede·

81 3215 136 3282 bit
156 3216 308 3302 popualus
333 3237 428 3277 meus
453 3215 490 3276 in
510 3211 772 3300 pulchritudine
788 3214 905 3300 pacis,
924 3226 958 3279 et
981 3215 1019 3280 in
1037 3225 1096 3280 tn-

80 3299 280 3367 bernnenlia
295 3295 471 3385 fiduciae,
493 3308 528 3362 et
551 3297 590 3360 in
620 3298 737 3384 requie
761 3298 936 3385 opulenta.

116 3537 169 3604 11)
186 3536 235 3587 Ita
252 3536 319 3589 Atat
344 3544 387 3596 1.,
404 3535 458 3593 cot.
478 3545 520 3605 2.,
546 3538 626 3597 Vera,
655 3537 733 3592 ctum.
754 3549 783 3591 et
800 3541 890 3614 lugd.
907 3551 935 3603 2.
954 3559 976 3596 c.
995 3541 1096 3615 ang.,·

117 3607 188 3663 Atd.
207 3616 233 3667 2.
251 3616 280 3658 et
296 3605 355 3659 rell.
375 3626 426 3666 om.
444 3621 482 3662 et.
1193 3625 1196 3629 ’

118 3728 424 3802 tr)1’t.na‚2tq.-
464 3729 678 3800 ittoa.1t,2.
704 3757 738 3776 -
771 3731 808 3801 k)
831 3739 849 3793 2
872 3730 935 3786 Cor·
956 3741 989 3800 9,
1013 3751 1036 3790 o·
1063 3759 1098 3775 ··
1194 3732 1196 3739 ’

117 3802 343 3874 t)ltn.³2,n·
