2542 4898
318 686 383 775 'ue
406 640 619 802 profissiona
640 699 722 776 fidei
745 688 918 780 undam
1024 734 1117 783 xuvn

114 883 219 954 erudis
240 883 384 951 feliciter
407 885 562 966 evitaret,
597 886 773 975 praecipue
792 899 900 955 umen
921 890 1117 983 Principum

111 972 344 1039 eatfrofieorum
366 971 513 1060 plurium
533 973 668 1038 fuerunt
689 974 808 1064 legati,
843 977 900 1063 qui
923 978 1043 1046 formae
1060 983 1116 1068 ju·

111 1059 246 1125 umenti
306 1058 498 1123 rofessionis
529 1058 627 1137 fidei,
663 1083 727 1148 qua
756 1060 822 1148 ipsi
849 1063 1052 1148 magistratus
1084 1081 1118 1133 et

109 1082 639 1297 :irretientes¹:2²⁸
655 1146 1117 1301 terrenum*

109 1339 177 1382 rum
200 1318 264 1380 lrse
284 1340 321 1380 rc
340 1277 593 1381 laeteretur'vet
611 1255 866 1387 diminueretur.
989 1262 1021 1302 m
1041 1262 1102 1304 suo

168 1402 277 1466 flisco
298 1402 509 1491 praemonitis
530 1414 730 1481 transeamus
753 1405 794 1467 ad
826 1405 915 1469 iliam
945 1405 964 1468 f
969 1428 1117 1470 ormam

107 1486 341 1573 juramenti
396 1488 659 1553 rofessionis
682 1489 811 1568 fidei,
837 1514 920 1579 iprae
939 1513 1025 1555 anno
1047 1493 1117 1554 fere

110 1586 181 1722 post
201 1572 348 1639 Consilii
364 1510 463 1637 ¹frid.
486 1574 585 1638 finem
607 1576 846 1663 praeterlapso,
865 1576 962 1660 jussu
986 1576 1040 1640 Pii
1055 1576 1116 1640 lv.

137 1706 146 1723 .
169 1658 219 1724 Μ.
244 1684 307 1749 per
328 1658 422 1723 Colfe
446 1660 511 1723 ium
534 1660 779 1743 Cardiuafinm,
802 1673 839 1724 nt
860 1663 1009 1742 videtur,
1030 1686 1118 1726 eorn-

131 1746 238 1826 osita,
275 1744 384 1810 Buttis
417 1684 543 1809 duabus
572 1747 749 1834 pontificiis
781 1746 943 1831 adjunctis
977 1749 1030 1811 die
1059 1750 1114 1812 13.

109 1768 287 1898 itovemtr.
304 1853 334 1894 a.
356 1830 596 1895 litteriones
618 1834 704 1920 apud
727 1845 872 1896 sanetum
896 1832 1028 1896 Petrum
1046 1833 1118 1898 data

112 1927 212 1983 estet
243 1916 401 2003 deinceps
433 1917 598 2005 publicata
613 1921 653 2003 ³).
712 1915 870 2005 Sequitur
898 1918 954 1981 itta
985 1918 1118 2006 quidem

112 2002 262 2068 fanones
291 2012 325 2065 et
352 2003 490 2066 Decreta
514 2001 656 2068 Coneifii
682 2003 891 2081 Tridentini,
926 2026 966 2067 ex
995 2003 1117 2091 quibus

113 2089 218 2179 quoad
240 2085 407 2152 materiem
430 2100 463 2152 et
491 2088 649 2169 formam,
681 2089 819 2153 decretis
852 2090 892 2152 ad
914 2088 1117 2152 reformatio·

112 2199 183 2239 nem
204 2174 431 2261 spectantibus
452 2175 611 2255 resectis,
646 2174 810 2238 succincte
841 2174 984 2238 derivata
1013 2177 1115 2263 cett).

114 2260 249 2347 Singula
269 2271 399 2340 tamen,
432 2258 615 2348 dequibus
642 2261 710 2346 ipsa
733 2259 877 2347 synodus
898 2283 1013 2348 magna
1042 2284 1117 2325 enm

112 2347 261 2412 earrtione
292 2367 329 2408 ae
351 2345 646 2431 circumspicientia
669 2345 876 2424 decreverat,
912 2346 965 2410 hie
989 2369 1048 2448 pro
1069 2345 1118 2409 di·

111 2432 227 2498 etiouis
249 2430 424 2510 brevitate,
453 2431 573 2494 variam
595 2431 1116 2519 interpretationem-admittente,

111 2519 264 2581 audacter
295 2516 516 2604 disertinsquc
550 2517 771 2581 enuntiantur.
830 2518 960 2600 Buffis,
996 2516 1119 2603 quihus

111 2603 273 2692 professio
295 2602 371 2666 fidei
392 2602 472 2667 haee
492 2601 687 2665 circumdata
710 2626 781 2666 esse
798 2603 882 2665 solet
896 2604 937 2690 ⁵),
960 2625 1027 2665 non
1049 2614 1119 2665 tan-

110 2702 180 2754 tum
203 2689 365 2752 iudicatur
385 2687 600 2775 professionis
622 2687 720 2766 furis,
754 2687 812 2774 qun
842 2699 891 2752 cst
913 2688 946 2750 iu
968 2686 1046 2750 fidei
1067 2710 1119 2750 or·

113 2775 276 2837 thedone
305 2773 445 2876 puritate
479 2782 511 2836 et
545 2773 730 2836 obedientia
765 2782 852 2834 arcte
886 2772 1119 2852 conservanda,

116 2859 284 2925 Romanae
295 2859 463 2924 larclesiae
481 2869 514 2923 et
530 2857 683 2924 Pontifici
693 2856 850 2941 Maximo,
872 2856 972 2947 capiti
987 2857 1059 2942 ejus
1072 2857 1119 2923 ui·

144 3134 177 3202 s)
197 3133 300 3186 Butfam
319 3133 567 3195 facinerosorum,
595 3145 671 3198 quam
690 3143 738 3181 nos
753 3129 898 3195 argumenti
917 3129 1016 3181 ratione
1035 3125 1121 3182 habite

144 3206 262 3260 meando
281 3206 339 3257 ioco
358 3205 488 3271 posuimus
506 3203 538 3254 T.
557 3202 591 3254 ll.
611 3219 636 3268 p.
654 3206 706 3252 317
724 3217 790 3267 sqq,
811 3201 923 3251 Butturia
942 3203 1051 3267 primurn
1069 3216 1121 3268 pu-

143 3279 269 3331 attentam
281 3276 384 3328 sistunt.
419 3276 519 3328 'fertus
533 3289 593 3326 vero
606 3274 697 3324 Buttae
714 3274 781 3324 ittius
795 3272 819 3322 in
835 3273 916 3323 libror
941 3271 1121 3323 b'rkundticlra

144 3348 305 3401 Gerctictre
325 3345 371 3396 der
387 3354 567 3415 regenerantur
580 3343 716 3413 Professio
728 3342 798 3410 fidei
818 3341 988 3393 Tridentinae
1006 3344 1064 3394 und
1079 3342 1118 3393 ei-

144 3420 224 3489 niger
251 3416 352 3469 undem
381 3414 698 3468 rimiscfr-kutlrofiscfren
727 3411 1040 3464 Gtaubensbetenmnisre
1070 3429 1119 3466 vett

147 3491 260 3544 Gottt.
280 3488 407 3543 Christ.
425 3486 555 3540 Friedr·
574 3484 754 3547 notarie,
779 3484 958 3551 Greisswold,
990 3489 1066 3538 tsuu.
1093 3489 1119 3538 s.

146 3565 211 3615 satis
230 3568 367 3629 corruptus
385 3578 410 3626 p.
429 3565 473 3612 6⁰.
494 3557 671 3625 publicationis
690 3565 791 3622 tempus
814 3558 904 3619 serius,
936 3557 1001 3607 diem
1020 3557 1120 3608 scilieet

145 3634 207 3688 XX.
227 3635 282 3686 Jut·
299 3648 323 3685 a.
345 3637 430 3695 totis,
450 3631 514 3682 fetro
532 3627 654 3680 exfribere
672 3628 781 3684 videtur.
793 3654 828 3664 -
865 3629 895 3693 4)
914 3628 973 3681 Qus
991 3627 1023 3677 de
1042 3643 1121 3679 estun

64 3714 66 3723 '
145 3706 190 3759 atti
201 3720 250 3773 pro
262 3704 336 3755 tituto
346 3702 510 3771 professionis
523 3701 649 3766 originali,
666 3702 709 3765 qui
721 3706 761 3750 est
775 3699 910 3760 „Forma
927 3698 1120 3762 juramenti

64 3808 66 3815 ·
146 3775 387 3845 professionis
405 3769 1061 3838 fidei”retinentcompellationem„Professio
1079 3768 1120 3822 fi-

147 3843 467 3901 deiTrideutinae'’r
486 3844 609 3911 quodnou
624 3842 797 3912 reprobamus.
809 3842 981 3908 vituperanda
989 3857 1050 3893 uero
1060 3848 1120 3894 suut

148 3920 268 3972 ftomfttst
292 3914 444 3985 Symbolum
464 3914 662 3971 Tridentinum.
689 3915 743 3966 site
761 3912 912 3982 &poticulam
931 3911 1039 3962 Consilii
1058 3912 1120 3963 Tri-

147 3989 265 4053 dentini,
289 3989 343 4040 sive
359 3985 497 4055 Proferam
509 3985 579 4054 fidei
600 3985 763 4038 Tridentino.
811 3985 854 4037 Fr.
879 3983 999 4036 ntotmtke
1017 3985 1035 4037 f.
1056 3984 1117 4051 tp.

146 4066 175 4117 8.
202 4059 433 4128 nuncupationem:
464 4058 641 4111 Profectio
661 4057 711 4109 Pii
731 4057 781 4108 lv.
806 4057 899 4107 ceteris
925 4055 1118 4123 praeferendam

147 4149 206 4188 esse
226 4139 349 4185 autumat.
397 4131 436 4181 De
462 4129 619 4198 professione
646 4129 670 4179 in
696 4128 840 4179 universum
868 4127 916 4178 vid.
937 4126 983 4179 Pir.
1003 4124 1118 4178 Marhri-

148 4206 232 4258 necte
250 4204 268 4257 Ι.
286 4203 303 4258 Ι.
328 4203 360 4257 Τ.
379 4201 414 4253 11.
444 4218 468 4268 p.
488 4205 589 4266 susqq.
610 4227 645 4238 -
695 4201 726 4260 5)
755 4201 779 4250 in
806 4199 944 4250 serioribus
963 4198 1118 4250 editionibus

149 4277 281 4328 &nonum
309 4279 338 4326 et
355 4274 524 4326 Decretorum
547 4271 654 4323 Concitii
672 4269 745 4322 'frid
771 4271 888 4321 omnibus
913 4271 967 4321 fere
994 4275 1022 4320 et
1039 4268 1118 4316 Cate-

147 4346 237 4400 ehisuai
262 4346 373 4398 Romani
399 4346 513 4411 pturibus
539 4344 664 4413 professio
689 4342 748 4394 fidei
773 4357 823 4394 uua
841 4356 899 4394 eum
924 4341 1001 4392 Butta
1019 4338 1118 4405 injun-

148 4427 223 4472 ctum
235 4415 307 4470 nobis
326 4418 432 4486 tegitur.
