2542 4898
208 858 285 904 rum
298 857 363 928 ope
376 831 523 929 primum
532 827 671 926 quidem
684 825 825 900 dilucidi
843 853 868 898 s
879 829 1086 926 perspiciam
1099 826 1214 902 diver·-

208 935 340 1004 sitatem
367 957 408 1003 ac
430 933 626 1002 uarietatem
651 929 905 1002 confessionum
927 931 1102 1029 religionis
1121 930 1215 1002 chri·

208 1036 351 1125 stianae‚
377 1030 498 1105 deinde
515 1045 627 1103 tumen
644 1033 679 1102 in
695 1032 890 1103 diversitate
905 1034 1098 1104 accuratius
1114 1032 1215 1103 intel·

208 1133 296 1206 lecta
321 1161 389 1205 non
411 1135 645 1230 acquiescant,
674 1135 891 1231 praesagiunt
913 1135 1046 1230 potius,
1074 1133 1215 1204 calami·

209 1248 284 1309 tosa
306 1235 385 1308 fidei
401 1235 597 1306 discrimina
613 1236 764 1304 animum
784 1234 910 1305 ducere
924 1261 1062 1306 sursum
1079 1234 1122 1305 ad
1137 1238 1215 1305 uni·

209 1349 313 1431 tatem
329 1336 501 1434 quandam
522 1336 751 1432 persuasionis
768 1336 946 1433 religiosae
971 1336 1212 1433 appetendam,
1243 1342 1247 1354 ’

209 1465 313 1537 quarn
327 1437 487 1534 baptizati
499 1463 617 1510 omnes
631 1439 667 1507 in
685 1462 806 1509 nomen
816 1438 932 1508 Patris
948 1448 983 1509 et
996 1437 1078 1509 Filii
1090 1449 1124 1508 et
1133 1437 1217 1534 Spi-

207 1541 295 1614 ritus
312 1540 447 1629 sancti,'
464 1539 533 1610 alta
556 1564 711 1611 errorum
733 1536 777 1608 ab
794 1536 992 1610 hominibus
1009 1538 1217 1610 traditorum

209 1640 478 1738 opinionumque
502 1651 761 1737 antecapturum
782 1640 928 1738 caligine
953 1640 1117 1737 paulatim
1143 1639 1216 1710 dis·

112 1799 117 1812 .
209 1766 334 1832 cussa,
369 1739 519 1814 habituri
543 1742 614 1814 sint
637 1766 681 1812 ex
703 1740 851 1837 simplici
872 1740 1065 1839 Evangelio
1091 1740 1216 1811 divini·

208 1854 265 1918 tus
288 1841 463 1933 revelato,
500 1840 594 1939 quod
626 1868 696 1914 nou
722 1842 907 1940 praedicat.
921 1840 1102 1914 Christum
1126 1841 1216 1912 divi·
1242 1929 1245 1935 ¹

208 1969 354 2017 sumac
380 1942 569 2017 Dominum
595 1944 765 2034 scissum,
801 1941 895 2040 quod
921 1968 983 2039 per
1006 1970 1044 2016 se
1065 1942 1217 2015 alienum

195 2070 232 2118 -a
262 2043 471 2117 factionibus
499 2043 658 2117 humanis
689 2044 851 2143 efflagitat
883 2042 1028 2116 fratrum
1062 2069 1217 2118 commu·

208 2146 361 2219 aionem.
426 2146 528 2217 Haec
550 2146 726 2218 volventes
749 2170 791 2217 ac
817 2145 1031 2220 revolventes
1057 2148 1094 2217 in
1116 2171 1216 2242 prae·

208 2246 336 2320 cordiis
360 2248 466 2319 animi
491 2249 598 2320 nostri
622 2273 863 2344 praeparemus
889 2260 1003 2339 certe,
1045 2259 1217 2345 quantum

202 2349 246 2421 in
267 2347 366 2421 uobis
392 2360 457 2441 est,
480 2349 655 2421 saeculum
671 2348 759 2421 illud
782 2358 986 2448 augustum,
1015 2346 1109 2447 quod
1138 2373 1218 2445 spe·

207 2475 327 2522 ramus
360 2447 555 2523 labentibus
587 2452 699 2523 annis.
761 2450 816 2522 lta
839 2475 1034 2547 precamur.
1095 2448 1220 2522 Gratia

208 2575 292 2623 vero
317 2563 351 2624 et
376 2578 445 2650 pax
467 2551 602 2643 divina,
629 2578 766 2626 omnem
781 2577 947 2648 superans
969 2563 1130 2643 mentem,
1157 2576 1220 2624 cu·

209 2651 336 2726 studiat
361 2655 494 2726 animos
525 2666 659 2728 nostros
694 2666 729 2727 et
755 2655 979 2754 cogitationes
1009 2655 1046 2725 in
1075 2651 1221 2728 Christo

209 2753 312 2829 «lesu.
366 2750 497 2831 Amen.
574 2836 576 2840 Α

488 2882 694 2958 Scribebum
718 2879 928 2979 Gottingae,
953 2879 990 2953 d.
1016 2878 1084 2953 29.
1113 2878 1216 2983 Aug.

593 2985 649 3056 dic
666 2982 853 3055 nativitatis
876 2981 968 3055 beati
992 2983 1107 3058 amici.

731 3108 979 3160 uocccmvm.
