2542 4898
87 350 93 367 '
246 366 290 445 't‘

1139 492 1148 525 l

208 666 285 741 234
350 652 496 727 catech.
522 653 632 725 Rom.
652 662 656 667 '
679 584 763 722 El
809 646 871 721 De
892 648 1077 747 Symbola.

206 835 435 913 amantissimis,
454 847 488 899 et
508 832 838 899 honorificentlslirn'm
859 836 968 899 verbio
982 834 1134 899 Salvator
1153 856 1220 899 no-

206 926 265 990 ller
276 924 497 1010 cornpellebitr
514 922 548 1001 b)
561 918 689 986 Venite
701 916 872 997 benedieti
880 920 997 1006 patria
1009 918 1089 994 mei,
1107 919 1220 1009 polsi-

206 1008 284 1075 date
299 1018 472 1097 paratum
493 1003 586 1071 ousia
607 1024 776 1090 rognumr
797 1015 832 1066 ut
852 1007 969 1085 merito
989 1008 1088 1068 liceat
1105 1010 1221 1069 oxela-

207 1116 306 1168 mare,
320 1101 349 1171 ο)
364 1090 484 1157 Nimio
494 1082 715 1171 lmnorifiaoti
724 1084 814 1171 sunt
825 1088 934 1153 andri
947 1090 1003 1153 tui
1015 1086 1124 1156 Deua.
1152 1092 1220 1157 eat

204 1178 352 1242 laudibus
373 1179 473 1240 etiam·
490 1174 523 1252 ἃ)
543 1197 560 1236 a
582 1172 872 1253 christodomino,
903 1196 1012 1239 eoram
1033 1186 1124 1260 petre
1144 1198 1222 1240 ene-

206 1265 287 1341 tutti,
307 1274 341 1326 et
361 1264 485 1343 angelis
505 1262 572 1343 ejus
597 1260 846 1321 celebrabuntur.
887 1258 1070 1337 l'raeterea,
1088 1263 1127 1327 ·ll
1154 1263 1220 1329 hon

207 1369 378 1413 commune
398 1349 547 1410 omnibus
569 1344 755 1407 hominibus
781 1342 971 1409 desiderium
991 1361 1103 1409 natura
1121 1346 1222 1429 inge-

207 1438 280 1497 nuit
303 1434 459 1508 honoria,
492 1432 548 1514 qui
579 1450 597 1490 a
630 1429 712 1491 viria
733 1429 888 1515 sapientia
908 1432 1136 1517 praeliantibus
1156 1435 1221 1495 lra-

209 1522 336 1594 beatur,
368 1518 452 1603 (pund
480 1535 538 1578 eoa
562 1512 827 1599 locupletissimos
858 1516 991 1580 virtutis
1022 1522 1096 1581 suae
1127 1519 1221 1581 tuton

207 1601 279 1667 sora
300 1603 495 1665 existiment:
526 1612 677 1686 quantum
699 1603 862 1662 beatorum
882 1603 1007 1684 gloriae
1025 1600 1220 1668 acoelsurum

208 1702 376 1774 putamus,
409 1686 495 1776 quod
525 1687 609 1748 alius
630 1686 731 1749 alium
751 1688 875 1751 summo
898 1688 1022 1751 honore
1042 1692 1221 1776 proseque-

210 1776 285 1837 turi‘
305 1779 341 1846 -Ι-

208 1908 291 2001 [Qu.
310 1922 343 1983 8.
387 1907 615 2004 Summotinr,
646 1904 770 2005 quibua
800 1852 963 1972 bonorum
991 1904 1098 1993 cupiia
1125 1898 1223 1973 beuti

324 1996 338 2023 ⁸
382 1993 420 2059 in
436 2004 589 2057 aeternae
604 1990 680 2074 illae
697 1988 838 2078 sudibus
857 1988 1177 2077 uunmlabanturi’]
1256 2044 1266 2061 r

269 2111 401 2176 Infinita
435 2110 514 2176 esset
546 2112 691 2174 omniurn
724 2112 973 2175 oblectationum
1008 2115 1223 2192 enumeratio,

209 2199 322 2287 quibus
343 2203 506 2260 beatorum
536 2198 639 2277 gloria
662 2201 819 2259 cumulate
845 2199 924 2274 erit,
959 2219 994 2259 ec
1023 2219 1063 2260 ne
1092 2201 1222 2280 cogita-

209 2290 300 2346 tione
322 2285 450 2369 quidem
471 2286 592 2361 lingere
612 2304 665 2343 eae
686 2282 856 2366 possumus.
925 2282 986 2344 Sed
1018 2294 1124 2346 temen
1154 2288 1221 2347 hoc

209 2372 358 2433 fidelibus
381 2375 559 2453 persuasum
583 2367 646 2429 elie
667 2367 778 2444 debet,
811 2387 1013 2453 quaecunque
1042 2370 1138 2430 nobis
1167 2371 1222 2453 ju·

208 2455 308 2518 cunda
329 2455 364 2518 in
387 2457 444 2516 hac
478 2455 546 2513 vita
567 2453 770 2532 contingere,
804 2455 857 2516 'vel
889 2455 986 2515 etiam
1009 2456 1118 2537 optari
1138 2477 1222 2542 que-

209 2552 280 2615 ant,
315 2545 341 2617 ο)
366 2541 430 2601 five
460 2559 496 2600 ea
519 2537 557 2599 ad
580 2540 696 2599 mentis
718 2538 955 2618 cognitionem,
995 2539 1061 2601 five
1082 2539 1121 2601 ad
1144 2562 1221 2603 cor·

208 2628 300 2712 poris
336 2621 513 2708 perfectum
541 2625 684 2685 habiturn
721 2625 921 2708 pertineant,
964 2645 1072 2686 earum
1110 2647 1219 2690 rerum

210 2711 356 2772 omnium
376 2711 478 2795 copiis
507 2709 627 2769 beatam
649 2707 825 2770 caelestium
847 2710 946 2770 vitam
981 2710 1220 2775 circumfluere:

209 2797 356 2882 quartanis
378 2796 439 2856 hoc
460 2793 575 2855 altiore
592 2793 850 2879 quodammodo,
875 2815 966 2879 quam
991 2797 1102 2856 oculus
1125 2794 1221 2869 vidit,

209 2893 263 2942 eut
284 2882 369 2941 auris
391 2879 531 2953 audivit,
563 2879 672 2940 autin
694 2901 748 2939 cor
769 2880 914 2939 ltuurinia
936 2880 1112 2959 adscendit,
1144 2883 1221 2943 sieri

208 2964 381 3050 Apostolus
401 2961 433 3042 f)
463 2963 598 3025 affirmet
623 2959 662 3041 ⁸).
691 2985 765 3026 nam
794 2985 909 3049 corpus
941 2965 1091 3049 quidem,
1131 2967 1219 3052 quod

209 3064 300 3113 antea
320 3048 468 3126 crassum,
499 3060 531 3110 et
552 3059 734 3109 concretum
754 3061 840 3125 erat,
867 3071 937 3111 cum
962 3053 996 3112 in
1017 3051 1127 3126 caelo,
1159 3052 1220 3115 de-

210 3147 308 3198 tracta
331 3136 536 3206 mortalitate,
560 3145 672 3203 tenue,
694 3145 726 3194 et
747 3135 912 3219 spirituale
933 3136 1079 3197 ellectum
1100 3135 1131 3214 9)
1146 3132 1221 3199 sue-

210 3223 270 3295 rit,
295 3221 396 3281 nullia
415 3221 554 3303 arnplius
584 3218 747 3279 alimentis
779 3219 954 3298 indigebit:
984 3222 1089 3282 anima
1111 3234 1220 3286 autem

209 3318 339 3367 aeterno
361 3302 402 3386 ¹⁰)
424 3304 546 3384 gloriae
568 3303 699 3387 pabulo,
721 3305 803 3390 quod
828 3306 935 3384 magni
956 3306 1047 3366 illius
1069 3309 1220 3368 convivii

211 3395 241 3470 t)
264 3400 372 3449 auctor
392 3389 553 3449 transiens
586 3390 734 3450 omnibus
757 3390 961 3465 ministrabit,
992 3413 1063 3453 rum
1095 3398 1220 3456 summa

209 3476 377 3559 voluptate
399 3471 640 3537 exsaturabitur.
700 3472 786 3556 Quis
818 3496 896 3537 vero
925 3476 1080 3557 pretiosae
1109 3479 1219 3551 velles,

209 3571 264 3621 aut
297 3560 417 3639 regales
451 3561 597 3644 corporis
629 3571 760 3621 ornatus
788 3558 961 3622 desiderare
989 3561 1125 3646 poterit,
1164 3566 1221 3625 ubi

210 3647 320 3707 nullus
342 3647 454 3707 irarum
473 3664 577 3705 rerum
600 3648 671 3705 usus
700 3641 825 3707 saturus
853 3647 911 3723 stt,
947 3667 1121 3733 omnesque
1152 3649 1220 3711 im·

209 3732 424 3807 mortalitate,
454 3741 486 3791 et
512 3727 680 3813 splendore
702 3731 830 3808 amicti,
861 3746 892 3794 et
911 3733 1122 3815 sempiternae
1143 3736 1221 3812 glo-

210 3819 277 3878 riae
302 3837 419 3878 corone
441 3817 546 3876 ornati
574 3814 696 3875 erunt?
738 3814 799 3879 Sed
828 3816 852 3878 fi
882 3819 1005 3902 amplae
1034 3820 1151 3896 etiam,
1186 3831 1220 3882 et

213 3982 654 3998 m

246 4055 284 4122 8)
302 4058 349 4105 Ita
367 4054 445 4106 Clam.
462 4063 570 4107 tantum
586 4065 613 4107 et
634 4058 714 4118 Ven.,·
735 4055 793 4112 rell.
812 4055 934 4113 affirmat.
958 4086 994 4102 -
1039 4061 1070 4127 9)
1089 4060 1222 4119 affectum

246 4131 322 4197 Aug.
339 4134 367 4175 et
384 4127 459 4196 Meg.
477 4152 512 4168 -
547 4129 594 4194 10)
612 4130 660 4178 Ita
677 4131 758 4180 etiam
775 4130 880 4191 Atat,-
900 4130 981 4188 lt'ubr,
999 4144 1134 4188 aeternae.

245 4247 278 4315 a)
297 4249 557 4313 narraturam·
592 4249 622 4315 c)
640 4247 683 4303 Pr.
702 4257 762 4314 ree,
781 4272 815 4309 n.
835 4279 870 4295 -
905 4254 937 4322 a)
956 4255 1055 4311 aratra.
1074 4263 1118 4322 10,
1136 4276 1174 4315 ³2.
1188 4230 1224 4300 -’

246 4322 277 4389 e)
295 4321 391 4375 Eadm.
413 4322 491 4374 Moa-
519 4320 548 4373 d.
573 4321 593 4373 l.
614 4338 638 4372 c.
660 4328 699 4385 47
723 4324 781 4394 sqq·
797 4324 839 4392 (p.
851 4330 901 4387 161
921 4327 992 4395 sqq.)
1011 4353 1044 4369 ·-
1081 4327 1227 4396 s)1Cor.

247 4401 277 4458 2,
296 4408 371 4451 e·-
409 4390 651 4463 g)Luc.t2‚aa·
