2542 4898
215 604 263 681 16
324 593 435 669 Cone.
459 544 562 667 Tricl.
613 593 725 667 Sessio
750 590 840 665 IV..
866 590 930 669 Da
955 592 1043 669 edit.
1069 610 1144 669 eet.

212 782 353 847 oriendae
387 776 508 845 forent.
552 776 622 859 Qui
655 790 767 841 contra
800 760 1119 871 vonerint²¹)‚'per
1141 776 1234 841 ordi-

211 872 322 933 narius
345 867 564 941 declarentur,
585 876 619 926 ot
641 865 757 949 poenis
779 886 796 925 a
815 886 885 962 jure
902 864 1024 928 llatutis
1044 866 1233 951 puniantur.

225 976 232 1017 t
277 978 340 1043 Sed
362 991 395 1041 ot
416 978 659 1065 imprelloribus
680 978 812 1041 modum
834 980 870 1041 in
891 980 950 1040 hac
971 990 1080 1065 parte,
1108 990 1146 1041 ut
1174 998 1250 1063 par·

212 1068 273 1143 est,
305 1068 477 1151 imponere
507 1066 644 1139 volens,
678 1067 733 1151 qui
753 1060 820 1149 jam
847 1067 913 1127 linc
933 1066 1051 1141 morlo,
1084 1065 1149 1127 lroc
1182 1066 1231 1140 cll,

211 1164 363 1239 putantes
392 1152 449 1212 fibi
473 1149 581 1213 liceret
593 1150 746 1237 quidquid
772 1152 866 1225 libel,
894 1153 960 1213 line
980 1151 1114 1215 licentia
1134 1158 1232 1235 supe·

212 1243 336 1303 riorum
358 1236 650 1309 ecclesiasticormn,
682 1241 771 1321 ipsus
797 1240 901 1299 sacrae
934 1238 1107 1321 scripturae
1128 1237 1230 1298 libros

213 1330 246 1389 'e't
267 1332 360 1409 super
381 1324 452 1383 illis
473 1324 717 1399 annotationes,
746 1324 1019 1407 etoxpolitiones
1045 1322 1232 1409 ¹quorumli··

214 1414 267 1473 lret
291 1410 530 1483 imlillinenter,
563 1416 655 1491 saepe
683 1408 796 1484 tacito,
827 1416 920 1491 saepe
952 1409 1049 1470 etiam
1072 1408 1230 1470 ementito

212 1498 325 1581 prelo,
348 1506 397 1569 cs,
420 1493 505 1579 qnod
527 1495 658 1571 gravitts
680 1494 737 1564 oli,
761 1494 826 1555 line
846 1493 1144 1555 nomine·auctoris
1166 1496 1232 1555 im-

122 1606 125 1611 ·
212 1584 379 1667 primunt:
411 1579 489 1639 alibi
518 1581 616 1641 'eliruli
641 1577 810 1665 imprelsos
831 1579 934 1641 libros
955 1574 1148 1675 hujusmodi
1184 1592 1232 1641 te-

212 1686 302 1729 mero
319 1667 453 1727 'venales
476 1665 613 1737 lrabent3
643 1658 869 1747 treunam),
892 1666 1066 1741 otffllatuiu
1086 1676 1124 1727 ut
1145 1667 1233 1750 poll-

212 1754 377 1814 lrac·l'ac1·a
405 1750 575 1833 scriptura,
606 1750 808 1835 potill'imum
830 1768 909 1812 voro
930 1750 1009 1814 haec
1037 1750 1107 1837 ipsa
1128 1762 1233 1829 retus,

214 1848 248 1899 et
277 1836 406 1915 vulgata
438 1835 556 1911 editio,
590 1856 684 1921 qnam
716 1834 972 1898 cmcmlalillimo
1006 1837 1232 1921 imprimatur:

213 1925 360 2007 nullique
385 1922 480 1983 liceat
501 1922 705 2005 imprimere,
728 1922 782 1983 vel
803 1922 948 2006 imprimi
970 1917 1074 1985 far-ere
1094 1923 1233 2009 quosvis

213 2010 317 2069 libros
351 2008 390 2069 cle
418 2008 513 2069 rebus
542 2010 637 2069 sacris
675 2012 737 2069 line
771 2011 903 2069 nomine
936 2010 1093 2069 auctoris:
1128 2029 1232 2093 neque

214 2092 293 2155 illos
315 2094 350 2153 in
372 2088 516 2153 futurum
536 2093 693 2167 vendere,
724 2105 775 2153 aut
797 2096 895 2155 etiarn
916 2094 1000 2177 apud
1028 2098 1061 2155 se
1074 2094 1233 2165 retinere,

213 2180 275 2251 nili
292 2180 433 2263 primum
460 2180 654 2253 examinati,
683 2180 871 2264 probatique
900 2174 1076 2241 {immutab
1099 2178 1233 2240 ordina-

153 2262 164 2283 *
214 2258 282 2333 rio,
313 2256 368 2327 sub
396 2284 502 2349 poena
534 2266 766 2331 anathcumtis,
800 2282 832 2324 ot
860 2258 1015 2349 pecuniae
1044 2266 1080 2325 in
1109 2285 1232 2326 canone

214 2346 347 2411 concilii
369 2348 538 2410 nuvill'imi
565 2348 822 2425 luterunensisi)
851 2352 1004 2435 apposita.
1054 2346 1096 2411 Et
1127 2351 1152 2410 li
1180 2371 1233 2411 re-

213 2434 339 2511 gulares
366 2430 503 2503 suerius,
531 2435 615 2495 ultra
637 2435 928 2503 examinationem,
956 2446 988 2495 et·
1008 2435 1232 2519 probationem

128 2526 133 2545 ⁸
213 2512 420 2605 hujusmodi,
452 2518 616 2581 licentiam
648 2542 773 2606 qnoque
794 2541 812 2579 a
836 2521 902 2582 suis
927 2521 1145 2605 superioribus
1167 2522 1231 2582 im·

213 2618 341 2691 peccare
364 2617 546 2679 tencantur,
568 2608 743 2685 recognitis
758 2628 817 2689 per
838 2628 894 2667 eoo
915 2604 1027 2680 libris,
1048 2601 1141 2688 juxta
1161 2600 1232 2667 for·

213 2714 299 2755 ruam
325 2696 453 2753 suarum
481 2690 733 2753 oralinasicmum.
789 2691 857 2773 Qui
886 2703 994 2754 austun
1026 2694 1145 2776 scriptu
1176 2712 1232 2755 eos

177 2814 180 2819 -
213 2778 467 2849 communicant,
490 2778 542 2839 vol
565 2781 736 2857 mitigant,
759 2778 818 2837 nili
840 2790 931 2839 antea
952 2776 1130 2839 extuuinati
1151 2800 1231 2863 pro-

213 2864 341 2925 lmticue
368 2859 506 2937 suerint,
529 2863 649 2925 ciuium
672 2864 788 2946 poenis
810 2864 1006 2946 subjaceant,
1028 2864 1143 2948 quibus
1166 2864 1230 2925 im·
1264 2892 1267 2901 ·

213 2905 384 3033 prullurus.
426 2946 466 3008 Et
502 2950 554 3032 qui
589 2972 644 3010 cru
677 2949 862 3024 imbuerint,
900 2950 953 3011 rel
983 2950 1140 3027 lugerint,
1172 2950 1242 3029 nili,

228 3033 419 3095 trutlitlucint
457 3050 601 3120 amamus
619 3032 691 3109 ²³).
729 3056 788 3117 pro
827 3038 1008 3095 auctoribus
1046 3032 1230 3096 habeantur-².

212 3057 285 3204 lpsa
307 3139 384 3181 vero
406 3118 595 3207 hujusmodi
616 3118 773 3180 librorum
794 3122 943 3202 probatio
965 3122 1001 3181 in
1021 3122 1151 3205 scriptis
1173 3119 1232 3181 de-

212 3218 285 3267 tur:
319 3216 412 3289 atquc
437 3204 509 3263 icloo
537 3203 573 3264 in
602 3200 823 3281 fremestori,
859 3210 908 3267 rol
932 3207 1058 3290 scripti,
1088 3208 1142 3269 rel
1166 3206 1230 3267 im·

212 3288 328 3375 pressi,
358 3289 542 3350 authentice
563 3304 731 3374 appareat:
766 3292 860 3376 ithue
885 3304 1004 3363 totum,
1032 3293 1096 3354 lroc
1117 3290 1176 3363 ess,
1198 3301 1232 3353 et

212 3374 378 3461 probatio,
399 3386 432 3436 et
454 3396 608 3451 examen,
629 3378 729 3449 aratis
750 3380 825 3441 liar:
849 3387 882 3437 ut
905 3376 1067 3462 probanda
1088 3377 1232 3462 proben-

213 3474 282 3538 tur,
315 3472 347 3522 et
374 3463 585 3545 reprobentur
617 3462 839 3547 improbanda.

1243 1721 1258 1759 'b

277 3571 348 3634 Poll
374 3572 470 3649 haec,
508 3572 723 3635 temeritatem
756 3574 848 3634 illmn
864 3624 869 3631 .
886 3575 1063 3659 reprimere
1102 3572 1230 3647 volens,

214 3678 275 3743 qua
306 3656 346 3719 ad
373 3652 509 3742 profana
533 3680 675 3743 quaeque
704 3672 952 3733 ‹fornicetunsum
982 3674 1013 3721 et
1041 3670 1230 3744 torquentur

213 3744 310 3804 rerba
330 3753 362 3803 et
387 3746 559 3806 sententian
577 3750 681 3805 sacrae
705 3748 891 3828 scripturae,
913 3746 952 3806 acl
973 3744 1120 3807 scurrilia
1140 3745 1231 3805 scili-

214 3840 282 3903 cet,
305 3825 463 3905 salmlosa‚
494 3850 592 3906 rana,
615 3830 835 3905 adulatioan
863 3830 1231 3915 tlelr·actionett,=lirper·
1262 3884 1266 3897 .

212 3914 372 3991 limones,
394 3915 511 4000 impias
533 3927 565 3975 ot
582 3915 756 3976 ‹lialmlicm¹
774 3918 1028 3991 incantationes,
1049 3913 1233 3979 divinatio·
1262 3946 1266 3951 ·

215 4093 654 4108 mnu——

248 4192 448 4316 ii·)1s⁰(}⁰flim
473 4196 530 4250 Dis.
554 4223 589 4236 -
620 4196 674 4263 22)
698 4196 797 4263 11119)
829 4221 863 4235 -
898 4193 952 4262 23)
979 4202 1125 4245 auctorem
1153 4188 1231 4241 Brix.

275 4282 343 4321 ur..
404 4285 462 4319 tarn.

248 4382 275 4451 i)
300 4386 355 4437 [ιθ-0
373 4390 410 4442 X·
443 4397 473 4445 iu
503 4396 587 4449 cunc.
618 4396 709 4449 Later·
741 4396 799 4455 sets.
812 4406 871 4470 10„
915 4394 951 4447 (le
986 4388 1109 4461 improli·
1135 4388 1234 4445 libror.

247 4460 287 4523 (1²-
302 4466 374 4525 1779
387 4462 458 4531 sqq.)
