2542 4898
489 347 497 375 i

822 378 851 437 'ir

286 594 376 697 cau
393 600 437 675 tt.
488 598 548 675 De
579 600 698 695 primo
726 598 887 675 articulo.
1020 614 1109 715 113Ι

489 761 618 873 [Gne.¹
642 781 688 849 li.

232 908 235 915 '
306 916 349 959 nr
377 914 487 959 rtrum
514 916 663 960 crunon
693 914 878 960 nnrtcuao.

92 1004 195 1093 Quot.
253 1005 345 1089 Quia
371 1005 416 1092 est
470 1005 580 1071 rimato
613 1004 808 1085 articulata,
844 1017 880 1072 et
906 1030 994 1097 quae
1020 1013 1094 1096 ejus

236 1029 468 1185 mmmff

132 1210 276 1297 cunno
298 1229 346 1279 m
369 1227 488 1279 noum
505 1206 679 1280 Panaima
695 1229 1046 1303 commonionem,

241 1328 485 1383 caperonem
516 1329 655 1400 cnam,
691 1331 744 1383 ao
774 1331 961 1383 cannam

145 1438 212 1502 Hie
234 1439 343 1502 verbis
364 1458 401 1501 ea
422 1438 577 1501 sententio
603 1437 736 1519 subjecta
754 1438 811 1501 efl:
840 1450 925 1502 certo
944 1441 971 1522 ¹)
993 1439 1130 1520 credo‚n
1148 1453 1169 1497 ι.

92 1544 122 1587 ac
139 1526 209 1588 line
232 1525 298 1587 ulla
319 1522 519 1586 dubitatione
545 1525 701 1608 profiteor
731 1522 835 1588 Deum
856 1524 1001 1604 Patrem,
1028 1529 1101 1613 pri-

92 1630 174 1674 mam
197 1612 320 1675 seilicet
341 1608 513 1672 Trinitatis
534 1613 712 1694 personam,
733 1613 789 1697 qui
808 1615 862 1674 suo
884 1613 1103 1699 omnipotenti

92 1698 213 1760 virtute
242 1701 269 1776 ¹)
291 1695 414 1757 caelum
436 1695 560 1779 ipsum,
595 1708 625 1756 et
646 1706 776 1775 terram,
803 1707 836 1759 et
859 1701 985 1776 omnia,
1020 1719 1100 1784 quae

92 1784 190 1859 r'oeli,
211 1792 245 1845 et
265 1792 370 1843 terrae
391 1781 512 1843 ambito
537 1780 764 1857 continentur,
792 1802 834 1845 ex
855 1778 964 1846 nihilo
986 1785 1102 1847 condi-

92 1866 155 1945 tir,
188 1878 220 1931 et
247 1865 375 1930 condita
406 1876 528 1941 tuetur,
557 1886 593 1927 ac
625 1867 726 1961 rpgit:
763 1886 867 1954 neque
890 1871 1000 1932 'tolum
1028 1890 1102 1932 eum

92 1952 188 2017 corde
208 1952 320 2028 credo,
349 1961 383 2015 et
413 1972 469 2015 ore
495 1953 669 2028 confiteor,
702 1971 813 2015 verum
845 1958 968 2019 sommo
991 1954 1101 2033 fludio,

92 2060 127 2102 rc
142 2039 265 2125 pietate
286 2038 451 2116 edilium,
471 2037 573 2100 veluti
592 2037 758 2115 summum,
787 2048 819 2102 et
840 2037 1102 2124 perfectiffimum

91 2128 232 2200 bonum,
261 2122 430 2188 contendo.
492 2122 578 2186 Haec
611 2124 711 2206 igitur
742 2124 780 2186 tit
814 2126 921 2189 brevia
950 2126 1102 2214 quaedam

92 2212 193 2299 primi
216 2211 309 2292 hujus
331 2207 460 2272 articuli
481 2211 732 2295 comprehenfio.
775 2208 837 2273 Sed
861 2216 1011 2297 qnoniam
1032 2234 1103 2274 ma-

92 2318 156 2379 gea
179 2296 324 2377 mysteria
359 2295 395 2357 in
417 2295 549 2376 singuiis
575 2290 642 2358 sera
671 2294 926 2376 verbis-latent,
955 2319 991 2361 ea
1020 2319 1104 2360 nunc

92 2382 286 2463 diligentius
314 2380 460 2442 Peroclro
495 2381 720 2466 perpendenda
743 2386 832 2444 sunt:
869 2395 920 2461 ut,
952 2396 1103 2469 qnantum

92 2464 256 2533 Dominus
277 2466 466 2552 permiserit,
490 2466 529 2528 od
548 2460 617 2553 ejus
634 2466 797 2549 majestatis
812 2468 948 2546 gloriam
962 2483 1106 2531 contem-

92 2553 245 2642 plandam
261 2575 333 2615 cum
349 2552 473 2628 timore,
492 2562 525 2614 et
540 2563 680 2615 tremore
694 2552 801 2614 fidelis
816 2555 956 2638 populus
972 2554 1106 2616 accedat.

92 2685 177 2784 [Qu.
192 2701 225 2763 2.
270 2685 359 2768 Quia
381 2686 418 2751 in
439 2686 591 2752 materia
608 2682 698 2773 fidei
718 2687 957 2776 Euangelicae
975 2675 1130 2752 dicitur

259 2769 396 2836 credere
406 2765 440 2863 Ρ]
462 2860 467 2875 ‚

155 2884 297 2969 *Igitur*
321 2884 470 2951 credendi
490 2905 559 2947 vox
578 2884 641 2947 hoc
662 2886 753 2964 loco,
775 2897 897 2972 putare,
920 2885 1150 2961 existimarem
1166 2905 1190 2949 ι.

95 2974 229 3062 opinari
250 2993 317 3035 non
347 2971 517 3055 significem
544 2970 614 3046 fed,
643 2983 679 3033 ut
708 2969 823 3035 docent
852 2973 953 3035 sacrae
974 2973 1110 3048 litteroe,
1173 3018 1175 3023 -

95 3057 288 3124 certissimaa
311 3055 494 3118 aiseufionis
514 3057 583 3119 vim
608 3057 720 3132 habet,
755 3079 815 3146 qun
837 3080 928 3123 mens
951 3058 1033 3130 Deo,
1055 3057 1108 3121 sua

95 3146 245 3227 mysteria
282 3142 464 3229 aperienti,
503 3143 611 3218 firme,
654 3144 889 3230 constanterque
934 3144 1111 3206 assentitur.

97 3229 317 3315 Quamobrem
340 3229 369 3290 is
390 3227 506 3303 credit,
535 3226 633 3314 (quod
654 3229 693 3291 ad
717 3231 808 3313 hujus
827 3232 892 3292 loci
914 3232 1111 3317 explicatio·

96 3340 172 3381 nem
196 3315 326 3391 attinet)
347 3314 399 3376 cui
420 3312 541 3399 aliquid
562 3315 627 3377 line
648 3316 715 3377 ulla
744 3317 951 3381 haefitetione
981 3328 1111 3391 certum,

97 3416 129 3466 et
150 3402 335 3490 persuasum
355 3400 405 3462 est.
446 3399 555 3484 Neque
575 3421 654 3461 vero
673 3401 851 3464 existimare
873 3403 1038 3488 quiequam
1053 3402 1167 3466 de-tu.

98 3491 167 3566 bet,
189 3487 269 3550 fidei
291 3486 441 3549 notitiam
466 3488 573 3546 minus
595 3497 712 3547 certam
735 3487 808 3563 effe,
830 3487 913 3573 quod
936 3508 972 3548 ea
989 3490 1023 3568 u)
1046 3510 1112 3549 non

99 3584 287 3648 cernantur,
310 3592 388 3658 quam
410 3572 504 3632 nobie
525 3570 679 3633 credendo
703 3573 781 3635 fides
804 3575 972 3658 proponit.
992 3573 1113 3634 etenim

100 3660 253 3722 divinum
274 3659 393 3733 lumen,
418 3678 480 3743 quo
503 3676 538 3718 ea
556 3659 764 3742 percipimus,
788 3659 908 3719 tometti
926 3659 1020 3719 rebus
1038 3678 1114 3740 pcr-

100 3746 303 3832 fpicuitatem
325 3765 391 3805 non
420 3743 549 3816 afferat,
589 3762 649 3804 nos
682 3754 787 3806 tamen
816 3743 854 3803 dc
887 3743 945 3823 his¹
971 3743 1114 3804 (dubitare

101 3854 169 3895 non
190 3830 275 3891 linit.
325 3833 359 3902 V)
380 3824 477 3888 Dema
511 3826 616 3901 enim,
659 3826 720 3912 qui
755 3826 851 3890 dixit
887 3825 946 3889 de'
966 3824 1115 3890 tenebri'e

103 3915 216 3980 lucem
235 3908 482 4000 splendescere,
508 3908 583 3997 ipse
606 3908 729 3975 illuxit
749 3913 786 3975 in
806 3908 965 3975 cordibae
983 3910 1134 4001 nostrie,

103 4013 138 4064 ot
161 4020 230 4064 non
251 4000 289 4059 lit
310 4001 351 4075 W)
383 3995 478 4059 nobie
512 4007 660 4081 opertum
692 3996 923 4081 Euangeliom,
955 3998 1031 4061 ficut
1061 3999 1116 4073 iis,

104 4088 159 4175 qui
181 4095 328 4172 pereunt.
354 4078 397 4167 -Ι-

140 4275 174 4345 1)
192 4291 226 4341 9ο
244 4271 363 4325 tirmiter
384 4266 459 4321 add'.
474 4268 540 4343 Van.

142 4376 167 4442 t)
183 4374 254 4431 Gen.
273 4381 300 4433 1·
317 4379 345 4432 2.
370 4367 445 4431 tttth.
463 4377 506 4436 13,
525 4388 562 4426 m.
587 4366 632 4422 1³t.
649 4374 693 4432 32,
711 4385 735 4428 a·
755 4369 816 4428 145,
833 4379 856 4421 o·
883 4361 1003 4427 tto-14,
1020 4381 1055 4420 tt·
1074 4367 1118 4422 17.

141 4462 179 4504 ee.
198 4444 288 4514 Apoc.
303 4448 348 4507 tt.
363 4462 385 4500 7·
404 4469 439 4483 -
457 4440 495 4510 u)
511 4439 556 4507 =Ci-
574 4440 661 4498 Hebr·
678 4450 722 4505 11.
739 4458 761 4496 t·
776 4464 813 4481 ·-
830 4442 865 4502 v)
882 4444 900 4495 2
919 4435 983 4489 Cor.
1000 4443 1026 4497 4,
1042 4450 1064 4491 o.
1084 4458 1120 4476 -

143 4520 183 4587 W)
198 4516 237 4570 ib·
255 4532 281 4568 v·
298 4529 322 4571 3ο
840 4574 869 4641 fl
