2542 4898
319 608 408 708 Cep.
433 608 478 685 V.
527 611 587 684 De
610 609 847 690 Paenitentia.
875 676 880 685 .
1011 622 1086 697 407

10 802 15 853 t
65 787 298 939 mmfflim
313 790 599 876 dijudicaremus,
617 814 685 856 aon
699 790 820 880 utique
832 792 1086 880 judicaremur.

63 873 170 939 Dum
181 877 205 959 j
253 872 391 942 ieamer
411 889 547 957 autem,
574 901 597 942 a
620 875 773 942 Domino
789 877 1017 966 corripimur,
1041 888 1081 942 ut

56 976 138 1022 ’aon
158 981 238 1025 cum
258 958 320 1027 hoc
339 961 468 1025 mundo
490 963 706 1029 damnemur.
755 958 859 1045 ‹Quee
879 984 950 1027 curu
969 964 1081 1026 fideii-

64 1047 124 1108 bue
156 1047 317 1129 explicete
355 1044 495 1123 suerint,
529 1050 589 1112 vix
619 1050 691 1112 fieri
713 1049 854 1132 poterit,
885 1070 948 1135 quo
969 1051 1078 1113 minue
1172 1048 1180 1059 “

61 1129 102 1192 ed
123 1132 344 1215 poenitentiae
365 1153 462 1218 opere
485 1137 627 1198 mexirne
648 1135 837 1198 excitentur.
857 1132 900 1216 ἦ·

12 1264 22 1285 “
61 1264 145 1357 [Qu.
164 1274 219 1341 56.
269 1265 367 1333 Uada
394 1267 508 1366 nostra
536 1293 640 1371 opera
657 1268 744 1367 luat
773 1293 851 1337 cum
882 1267 1074 1365 meritoria,

264 1362 339 1417 tum
360 1364 467 1417 ettam
479 1353 757 1443 Jatzelactorea?

126 1464 255 1551 Quinte
286 1468 323 1530 fit
351 1469 403 1531 vie
428 1469 664 1554 poenitentiae]
696 1465 788 1552 *Ejus
822 1478 927 1530 eutem
957 1476 1101 1552 quentec.
1148 1487 1184 1529 n.

61 1552 115 1614 vie
136 1554 200 1631 fio,
221 1575 263 1618 ex
284 1574 323 1616 eo
346 1554 527 1633 colligitur,
563 1556 647 1641 quod
676 1565 743 1617 tote
772 1574 790 1615 e
812 1551 925 1615 Christi
947 1553 1073 1617 domini

61 1639 217 1724 peffionie
240 1641 355 1701 merito
377 1639 506 1724 pendet.
548 1637 664 1727 Aque
687 1641 785 1701 etiem
806 1639 944 1701 honestis
968 1637 1071 1699 ectio·

60 1723 157 1786 nibue
176 1722 241 1786 deo
263 1724 318 1786 ille
335 1726 473 1786 rnexirne
495 1726 576 1788 bone
598 1725 831 1810 consequimur.
859 1724 995 1786 alterurn
1017 1723 1070 1801 ott,

62 1818 97 1870 ut
114 1810 310 1872 immortalis
332 1811 453 1888 gloriae
469 1813 605 1894 praemia
626 1828 821 1880 mercenture
845 1810 887 1870 ite
910 1820 944 1871 ut
961 1809 1070 1884 ’Μει-

59 1894 111 1956 lix
131 1896 228 1975 etiem
249 1914 348 1980 equae
370 1891 526 1972 frigidae,
557 1918 650 1982 quern
674 1897 708 1957 in
730 1895 796 1975 ejue
815 1894 946 1956 nornine
967 1890 1067 1955 dede·
1190 1930 1206 1943 ·

58 1980 178 2058 rimer,
199 1980 347 2042 mercede
369 2000 435 2042 non
455 1994 577 2044 careat:
606 1984 760 2057 eiterurn,
790 1989 825 2042 ut
848 2001 907 2065 pro
929 1979 1067 2065 peccetie
1108 2052 1110 2059 Ι

57 2063 173 2129 nostrie
192 2060 431 2132 fetieseciernue.
454 2067 496 2148 ἦ·

57 2188 142 2281 [Qu.
166 2203 220 2266 57.
263 2192 481 2280 obscuratae
496 2193 623 2282 Christi
643 2191 923 2280 satisfactionem
942 2204 1066 2277 etme-
1150 2238 1153 2242 ⁴

268 2279 379 2345 ritum
399 2279 512 2368 nostra
532 2279 734 2366 satisfactio
746 2280 786 2362 Ρ]

116 2388 246 2477 *Neque
268 2394 419 2458 veroid*
463 2395 706 2470 erfectissirnern,
739 2405 770 2456 et
789 2393 1105 2462 cumuletiffimemct.
1140 2419 1175 2464 ce.

55 2470 172 2538 chriti
193 2477 319 2542 domini
348 2418 598 2544 setiesictionern
622 2476 786 2560 [minime]
815 2482 977 2558 obl'curet3
1009 2482 1064 2547 fed

55 2559 136 2623 ittet
159 2564 270 2647 potius
292 2578 400 2627 contre
421 2569 550 2643 evenit,
580 2580 613 2628 ut
633 2567 735 2628 inulto
757 2563 944 2640 clariorem,
964 2575 998 2626 et
1017 2567 1065 2627 il-

55 2643 235 2721 lustriorem
256 2649 376 2712 reddet.
439 2649 487 2713 Eo
516 2651 603 2725 enirn
632 2650 790 2735 copiosior
812 2645 926 2711 chriti
959 2651 1062 2728 gretie

55 2728 186 2795 videtur
206 2731 286 2808 eil‘e,
320 2732 403 2821 quod
425 2758 492 2799 non
513 2738 615 2799 iolurn
638 2758 673 2799 ee
695 2735 860 2797 nobiecurn
880 2735 1062 2798 communi-

53 2827 187 2890 centur,
208 2839 287 2904 queo
308 2819 377 2904 ipse
397 2822 493 2898 solue,
517 2822 570 2886 sed
592 2822 649 2883 iile
672 2820 779 2894 etiem,
800 2838 880 2901 queo
896 2829 1056 2905 temqneru

53 2912 149 2985 ceput
168 2902 203 2965 iu
226 2907 365 2968 rnerubre
385 2907 451 2969 ieie
469 2907 593 2982 iunctis,
614 2919 646 2968 et
665 2905 747 2985 juliis
771 2902 954 2965 homiuibus
975 2926 1055 2988 pro·

52 2987 190 3062 meruit,
212 3009 247 3050 ec
267 2993 441 3074 persolvite
466 3014 525 3078 que
548 2993 672 3056 ratione
693 2990 764 3052 fieri
784 2990 982 3073 perspicuum
1004 2989 1056 3065 ott,

51 3082 89 3134 ut
106 3074 139 3152 ⁸)
158 3069 270 3169 justae,
298 3088 330 3137 et
350 3077 496 3140 honestae
519 3078 646 3161 piorum
669 3078 812 3137 actiones
831 3085 952 3134 tanturn
974 3096 1059 3160 pon-

50 3157 163 3236 derie,
182 3169 215 3220 et
235 3159 402 3239 dignitatis
421 3164 569 3227 heberent.
622 3160 760 3226 Christus
789 3159 877 3222 enirn
897 3156 1112 3237 dominum.

49 3254 214 3329 temquem
232 3242 266 3324 b)
287 3258 379 3331 ceput
400 3249 435 3310 in
457 3250 613 3323 membre,
644 3259 674 3309 et
695 3245 724 3326 ο)
748 3243 825 3307 vitis
845 3245 880 3306 in
899 3245 1059 3328 palmitee,

49 3331 190 3408 gretiam
212 3330 298 3394 suern
320 3334 353 3396 in
375 3353 443 3404 eos,
465 3334 520 3418 qen
540 3335 596 3394 tibi
613 3355 667 3418 per
691 3331 877 3394 charitatem
897 3330 1057 3412 conjuncti

48 3417 137 3490 iunt,
160 3416 363 3479 continenter
386 3416 606 3498 diffundum).
649 3414 742 3499 Quae
755 3414 884 3502 quidem
905 3417 1005 3491 gretie
1023 3413 1056 3493 ἃ)

49 3501 137 3561 bone
176 3519 273 3583 opere
306 3502 406 3564 nostru
437 3509 560 3588 l'eruper
588 3501 763 3575 antecedit,
795 3499 982 3576 comitetur,
1024 3510 1058 3561 et
1127 3542 1137 3567 ι

47 3585 273 3670 consequitur,
291 3597 323 3648 et
343 3588 407 3648 fine
427 3607 487 3672 que
509 3586 643 3664 mereri,
673 3581 762 3660 et⁷³)
784 3582 964 3648 satisfecere
987 3582 1057 3646 Deo

44 3670 144 3731 nullo
167 3668 263 3730 rnodo
286 3671 460 3756 poffumue.
520 3670 628 3758 Atque
648 3671 691 3732 ite
714 3671 770 3745 fit,
804 3681 839 3733 ut
866 3667 949 3751 justis
971 3669 1124 3730 nihilum.
1182 3710 1187 3721 .

45 3751 158 3848 decise
180 3753 331 3835 videatur,
365 3779 436 3823 curu
458 3758 625 3848 operibus,
658 3776 737 3847 queo
759 3753 823 3821 Dei
845 3754 965 3817 virtute
986 3752 1059 3817 effi-

79 4055 134 4124 72)
153 4052 279 4111 iufundit
294 4053 376 4111 Febr.
395 4082 431 4099 -
464 4055 515 4124 73)
533 4066 580 4111 eut
596 4074 645 4127 pra
664 4065 691 4110 et
706 4054 780 4112 eued.
797 4063 824 4108 et
843 4053 909 4109 Vm·

82 4155 226 4224 (mitio.)
246 4153 364 4228 Gregor'.
384 4157 483 4212 Moru.
495 4159 544 4224 W,
563 4164 608 4219 19.
626 4177 654 4212 n·
665 4163 708 4219 36.
725 4156 891 4225 (ρ.1ί9.)·,-
923 4154 1058 4223 ι)ΜιιιΙι.

82 4235 131 4293 10,
147 4243 186 4284 ee·
211 4228 296 4284 Mero.
313 4237 348 4292 9,
371 4245 409 4282 eu·
426 4256 462 4269 -·
497 4231 525 4292 e)
546 4227 632 4295 cypr·
660 4229 695 4282 de
721 4225 800 4297 lapsu
822 4232 921 4296 p0187·
950 4224 1057 4282 cretae

83 4295 247 4354 eretnou.
260 4304 304 4359 18.
321 4305 350 4353 iu
368 4297 760 4368 bibl.1'rtr.'(p.838,1).)-
797 4297 830 4366 b)
848 4298 920 4367 Epir.
935 4303 963 4362 e,
980 4294 1056 4364 resq.

85 4396 123 4413 ··-
152 4370 183 4438 c)
202 4371 262 4426 soe.
281 4376 323 4433 15,
342 4370 425 4440 equ.
442 4397 478 4411 -·
512 4370 546 4439 d)
563 4372 691 4441 Fuigent-
706 4373 741 4426 ed
764 4370 843 4426 Mon.
860 4372 941 4438 l,11.
961 4367 1056 4437 (Μ.)
