2542 4898
170 354 174 361 .
328 350 335 361 ι

623 400 628 425 ΙΙ
1027 380 1034 393 ι

308 444 315 457 ο
343 424 347 431 Ι
1124 428 1144 449 ξ

373 600 435 677 De
465 570 631 679 extrema
656 592 841 679 unctione.
945 558 954 569 -
1070 616 1122 697 65
1199 574 1203 583 Ι

84 792 154 859 tina
176 792 237 855 ille
255 810 375 855 omnea
392 792 466 853 luae
486 784 647 851 versutiae
667 808 787 851 nervae
807 789 953 857 intendat
975 790 1015 855 ad
1035 814 1114 881 per-

84 878 209 945 dendos
238 898 302 941 nos
330 877 478 961 penitae,
506 884 538 937 et
560 894 577 935 a
601 872 727 935 fiducie·
741 876 855 954 ctiam,
874 880 898 939 ti
918 876 1035 963 pontt,
1056 880 1110 943 di-

84 970 182 1031 rinae
212 962 454 1027 misericordiae
475 957 716 1041 deturbandus,
751 982 847 1047 quam
876 984 949 1027 cunr
975 965 1106 1051 impen-

84 1052 159 1117 dere
192 1050 289 1139 nobie
324 1046 450 1112 exitum
483 1046 572 1106 vitae
605 1045 763 1130 prospicit
781 1044 845 1131 ¹³).

508 1187 609 1253 Car.
649 1187 677 1251 Ι.

117 1300 178 1369 De
199 1298 418 1389 institutione
437 1298 662 1389 sacramenti
682 1308 858 1364 extremae
879 1300 1066 1367 unctionis.

142 1414 293 1479 lnssituta
323 1413 364 1475 eli
393 1422 500 1475 autern
535 1416 619 1474 sacra
652 1414 730 1475 hacc
759 1414 868 1475 unctio
902 1402 1117 1478 insumerem

83 1514 246 1589 tamquam
277 1520 372 1573 vere,
405 1510 438 1559 et
470 1497 603 1583 proprie
626 1502 863 1561 'literanrenturn
895 1501 977 1561 nevi
1015 1504 1106 1563 telta-

83 1589 184 1652 menti
207 1610 227 1649 a
256 1583 378 1647 Christo
402 1582 546 1645 Domino
573 1583 678 1645 nostro
708 1584 790 1668 apud
820 1581 999 1669 Marcumf)
1029 1589 1106 1673 qui-

83 1676 154 1739 dem
176 1674 389 1744 iutinuaturu,
423 1691 481 1753 per
510 1668 664 1729 lacolnnn
694 1684 800 1731 autent
828 1666 1038 1753 Apostolum,
1068 1695 1104 1735 ae

83 1758 219 1823 Domini
242 1752 392 1829 fratrem,
425 1754 577 1816 fidelibus
600 1756 876 1830 commendaturi,
898 1776 933 1817 ae
953 1758 1104 1841 proinul-
1213 1782 1219 1793 ·

83 1859 201 1928 garum.
243 1836 273 1923 a)
292 1833 523 1923 lustraretur,
551 1839 678 1924 iuquit,
701 1838 780 1924 qaia
802 1838 839 1900 ia
860 1833 973 1913 vobio,
993 1840 1103 1904 itala-

83 1940 135 1995 ωε
150 1921 377 2016 presbyteros
398 1918 572 2009 ecelesiae,
599 1932 635 1985 et
655 1933 752 1985 areat
773 1921 887 2021 snper
906 1945 1004 1999 eom,
1032 1947 1101 1987 aa·

82 2026 201 2101 reatae
222 2032 303 2073 eam
325 2005 397 2069 oleo
419 2005 456 2068 ia
480 2005 617 2069 nominc
638 2004 804 2071 Domini:
825 2016 860 2069 et
879 2008 993 2070 oratio
1004 2004 1102 2092 fidei
1226 2014 1237 2051 ¹

82 2092 233 2165 tolerabit
253 2087 455 2177 infirmam.-
480 2099 515 2153 et
536 2089 718 2155 alleviabit
742 2113 820 2154 eam
838 2088 1035 2170 Domiaaa3
1056 2103 1101 2171 et,
1208 2132 1211 2137 ·

82 2182 161 2247 tin
184 2176 344 2267 peccatis
363 2172 433 2263 fit,
467 2174 694 2239 dimittentur
724 2174 768 2237 ei.
825 2173 953 2257 Quibus
980 2174 1100 2258 verbis,

82 2282 112 2332 ut
133 2290 176 2331 ex
200 2264 370 2349 apollolica
397 2259 587 2337 traditione,
610 2282 667 2345 per
691 2282 804 2324 manus
826 2275 972 2347 accepta,
994 2265 1099 2328 ercle-

82 2357 116 2417 aa
137 2351 273 2426 didicit,
303 2346 395 2408 docet
414 2347 600 2423 materiam,
622 2343 779 2422 ferinam,
804 2352 974 2432 proprium
994 2351 1097 2413 mini-

82 2441 190 2514 lrunr,
221 2447 254 2498 et
276 2434 426 2495 effectum
453 2424 551 2520 hujus
578 2432 725 2495 salutaris
755 2436 948 2496 tacraruonti.
991 2434 1096 2499 Intel-

82 2527 157 2589 lexit
189 2523 279 2585 enirn
307 2516 434 2580 ecclelia
450 2513 482 2600 ¹¹)
512 2519 681 2579 materiam
714 2516 778 2578 elie
808 2520 934 2592 oleam,
962 2522 999 2580 ab
1022 2524 1096 2605 epi-

82 2616 170 2697 Tcopo
206 2603 418 2669 benedictum.
469 2602 550 2665 Nam
581 2605 690 2665 unctio
722 2600 883 2685 aptiffime
912 2604 936 2684 ἰ)
952 2604 1095 2689 Spiritus

82 2696 173 2761 arreti
195 2693 349 2774 gratiam,
383 2708 444 2775 qua
466 2689 672 2751 iavitibiliter
693 2691 799 2749 anima
820 2693 1018 2768 aegrotantis
1039 2693 1095 2754 in-

81 2784 226 2863 mgitur,
250 2778 483 2861 repraesentat:
512 2768 650 2836 soranam
677 2772 794 2836 deinde
815 2772 878 2837 effe
901 2774 959 2837 illa
980 2778 1093 2840 verba:

81 2866 145 2933 Pcr
168 2862 273 2951 istam
293 2858 490 2923 unctionem
512 2870 573 2921 etc.

486 2999 586 3065 Gar.
628 2998 679 3067 II.

283 3109 340 3177 De
367 3106 492 3199 effecta
520 3110 626 3195 trojae
646 3111 878 3199 sacramenti.

133 3226 204 3293 Rea
226 3248 345 3313 porro,
373 3237 407 3287 et
427 3226 560 3290 effectur
587 3220 685 3314 hujus
707 3230 895 3291 sacramenti
917 3230 986 3293 illia
1016 3226 1106 3294 rer·'

81 3315 122 3378 tis
141 3316 344 3399 explicatur:
365 3308 398 3394 1ί)
411 3309 460 3373 It't
478 3309 591 3374 oratio
603 3309 698 3395 fidei
713 3310 874 3398 salvabit
891 3313 927 3377 in
944 3312 1092 3389 iratam3

81 3393 314 3485 itlallcvialrit
335 3418 414 3459 cam
436 3393 632 3467 Danrirraer
668 3404 719 3467 ct,
735 3394 771 3482 Ji
800 3397 835 3458 ia
864 3400 1017 3484 pecc-atie
1030 3397 1091 3485 sit,
1137 3444 1142 3451 -

80 3482 303 3547 dimittentur
323 3480 365 3544 ei.
408 3479 474 3544 ltce
502 3483 624 3542 etenim
651 3482 729 3542 haec
757 3485 859 3560 gratia
881 3486 920 3546 ott
951 3484 1093 3568 Spiritus

80 3570 195 3643 taucti;
226 3559 316 3659 cujus
337 3567 446 3628 unctio
462 3565 486 3645 ¹)
514 3566 647 3640 delicta,
681 3568 704 3627 li
728 3589 787 3650 qua
819 3571 880 3630 tint
902 3569 1004 3630 adhuc
1031 3591 1093 3632 ex·

80 3654 211 3739 pianda,
235 3671 271 3713 ac
294 3653 415 3735 peccati
435 3653 590 3737 reliquias
618 3654 791 3732 abstergit3
814 3665 847 3714 ct
868 3656 992 3733 aegroti
1019 3657 1093 3717 ani-

80 3761 158 3803 mam
190 3738 345 3813 alleviat,
376 3750 409 3800 et
436 3740 619 3813 confirmet,
651 3758 798 3817 inagnum
827 3740 862 3800 in
893 3763 932 3802 eo
961 3739 1093 3803 divinae

80 3822 314 3891 misericordiae
345 3822 495 3886 fiduciam
515 3820 706 3898 excitand03
728 3844 788 3909 qua
814 3824 964 3889 infirmae
986 3827 1093 3889 subte-

1236 1032 1250 1061 Ι

106 4059 161 4130 13)
179 4054 314 4128 perspicit
330 4056 367 4108 R.
394 4052 473 4110 Vua,
502 4051 583 4109 Vera,
607 4048 681 4108 Dia,
706 4012 780 4121 dlnf.

109 4188 307 4257 1)Marc.6,
332 4199 368 4242 ra.
396 4208 433 4226 ·-
466 4182 499 4251 g)
530 4182 638 4246 tac-5,
658 4179 733 4250 ¹th-
757 4206 792 4222 -
823 4176 857 4246 h>
884 4177 992 4245 Eugen.
1016 4175 1090 4232 decr.

107 4262 142 4314 ad
165 4260 247 4314 Arm·
271 4258 292 4310 l.
318 4256 365 4308 all.
394 4280 429 4295 -
456 4255 482 4323 i)
506 4253 665 4321 Theophyl.
690 4258 719 4305 in
744 4253 871 4309 Mureti·
900 4252 1028 4315 (ramo.)
1055 4275 1090 4286 —

107 4336 138 4399 k)
155 4333 213 4386 Jac.
232 4337 264 4395 5,
285 4345 322 4385 15.
342 4351 377 4366 -
402 4325 428 4393 l)
444 4324 530 4379 Cone.
550 4324 613 4379 cub.
630 4328 664 4378 11.
683 4342 743 4378 can·
756 4330 802 4385 48·
819 4327 857 4389 (p.
871 4322 945 4384 104)
970 4318 1090 4371 claron..

109 4408 228 4467 atrae
247 4402 281 4457 P·
297 4404 318 4453 Ι·
338 4416 365 4451 c·
379 4404 405 4457 9·
422 4400 463 4465 (p.
477 4398 572 4463 1201.)
593 4398 701 4467 Eugen.
719 4396 794 4450 deer.
811 4394 830 4446 1.
848 4394 896 4446 att.
923 4390 1010 4457 Coac-
1029 4390 1090 4443 nta-

107 4486 184 4547 gunt.
200 4494 227 4529 a·
243 4478 329 4536 1549·
355 4485 381 4521 θ·
395 4474 440 4531 da·
463 4470 503 4538 (Ρ.
519 4469 611 4535 2120·)
839 4556 867 4623 E
