2542 4898
498 205 547 213 ,μ’
584 207 601 211 .-

584 293 620 300 ...n

220 617 296 691 104
528 594 745 725 catechismi
766 596 928 680 Romani

219 794 293 857 luae
313 784 556 851 fundamentum
584 780 725 871 poluiffe
743 780 942 858 memnii,
968 789 1004 843 ut
1055 788 1148 843 ortae
1171 774 1231 845 ln·

220 870 283 937 leri
305 873 455 936 adversus
476 892 546 935 eam
566 870 945 956 praevalere-numquam
965 887 1008 952 po
1037 866 1232 948 mttJmexi-

220 982 272 1023 me
296 957 469 1021 verendum
486 957 573 1033 ellel,
594 977 636 1019 ne
657 957 720 1017 hoc
734 965 891 1039 tempore,
910 964 960 1016 tot
974 950 1113 1039 undique
1130 952 1232 1015 holli-

222 1049 279 1108 bus
302 1043 437 1122 oblell'a,
458 1054 508 1106 tot
528 1042 688 1106 mechinia
709 1052 848 1119 roureto,
869 1050 902 1103 et
923 1049 1128 1126 oppugnata,
1151 1059 1232 1101 cou-

220 1131 350 1194 cideret.
584 1140 587 1145 '
1103 1142 1116 1163 ‘

93 1264 101 1273 ⁸
151 1301 211 1349 vn.
282 1277 376 1354 Nem,
404 1287 440 1339 ut
461 1256 648 1357 omittamus
673 1268 887 1339 nobiliffimae
914 1269 1120 1357 provinciae,
1153 1290 1231 1357 quae

222 1365 450 1435 olim..vera1n‚
482 1372 515 1425 et
534 1359 724 1424 catholicam
746 1358 958 1439 religionem,
991 1376 1086 1444 quam
1117 1377 1232 1421 eme-

184 1486 198 1503 2
219 1450 341 1533 juribus
376 1458 577 1530 acceperant,
609 1446 685 1532 pie,
718 1444 884 1507 etlleucte
910 1443 1110 1519 retinebant,
1146 1464 1232 1505 nunc

221 1547 326 1596 autem
349 1532 608 1617 derelinquentes
635 1532 722 1592 viem
743 1540 880 1606 rectem,
901 1539 1109 1603 erraverunt,
1136 1539 1233 1615 etque

211 1620 258 1681 'in
279 1638 317 1681 eo
351 1623 383 1681 le
416 1617 557 1680 maxime
581 1615 737 1701 pietatem
760 1616 866 1678 colere
898 1615 1004 1701 palam
1025 1614 1233 1700 profitentur,

223 1705 306 1789 quod
329 1724 346 1762 a
368 1716 493 1789 patrum
515 1708 643 1764 luorum
671 1700 815 1763 doctrina
844 1720 938 1786 quam
972 1697 1159 1781 longissime
1179 1719 1233 1761 re-

221 1787 397 1864 cefferont3
428 1788 516 1850 nulle
550 1800 614 1849 tam
633 1797 756 1848 remota
785 1788 894 1866 regio,
927 1796 982 1847 aut
1003 1788 1066 1847 tem
1088 1784 1233 1848 munitus

216 1875 326 1950 lorus,
360 1874 468 1937 nullue
490 1870 682 1935 Christianae
711 1871 905 1956 reipublicae
924 1871 1059 1952 ungulus
1086 1869 1234 1934 inveniri

214 1960 333 2044 ¹potest,
355 1980 418 2045 quo
437 1959 630 2044 haec·'pellis
651 1960 771 2020 occulte
787 1958 931 2043 irrepere
945 1978 1013 2021 nou
1031 1958 1175 2021 tentarit.
1188 1953 1235 2042 -l-

221 2122 304 2219 [Qu.
319 2136 352 2201 6·
376 2126 511 2211 Quibus
522 2127 737 2225 potiffimum
749 2086 1048 2193 modia-'haeretici
1062 2124 1234 2214 Christia-

265 2260 269 2269 .
376 2235 500 2277 norrun
519 2236 655 2278 onrmoe
676 2213 870 2299 depravare
878 2206 1135 2303 studuerunt?]

40 2358 43 2363 '
110 2357 214 2406 arnt.
253 2422 256 2427 Ι
287 2344 357 2431 Qui
381 2348 503 2412 *enim*
539 2347 684 2411 fidelium
706 2361 831 2415 mentes
852 2369 1054 2434 corrumpere
1076 2348 1135 2411 fibi
1156 2371 1237 2435 pro·

222 2436 414 2518 posueruut,
441 2457 512 2497 cum
539 2434 611 2496 fieri
645 2436 736 2496 nullo
769 2435 865 2499 modo
889 2435 978 2521 polle
1002 2434 1237 2515 intelligerent,

224 2530 259 2581 ut
281 2541 352 2582 cum
373 2521 522 2583 omnibus
553 2516 659 2582 coram
680 2520 961 2607 colloquerentur,
993 2532 1025 2583 et
1054 2519 1090 2583 in
1121 2542 1235 2584 eorum

182 2612 187 2617 '
221 2600 314 2667 aurea
336 2617 506 2668 venenales
529 2625 624 2666 rores
646 2600 869 2682 infunderent,
903 2604 990 2668 idem
1023 2606 1235 2679 alieratione

223 2689 376 2769 aggrell'i,
408 2693 509 2753 multo
534 2685 684 2767 facilius,
713 2711 747 2751 ac
773 2692 869 2752 latius
903 2692 1080 2775 impietatis
1108 2714 1235 2755 errores

221 2774 476 2842 dilleminarunt.
519 2775 617 2847 Nam,
644 2787 771 2860 praeter
804 2778 862 2838 illa
884 2776 1028 2856 ingentia
1055 2779 1235 2854 volumine,

222 2862 338 2945 quibua
358 2863 548 2924 catholicam
571 2862 668 2925 fidem
698 2874 843 2924 evertere
865 2862 973 2925 conati
993 2862 1081 2939 lunt,
1110 2884 1127 2925 a
1158 2867 1235 2950 qui-

191 2944 280 3015 ,'l›us
313 2959 420 3009 tamen
457 2968 587 3021 cavere,
615 2969 687 3010 curu
720 2959 862 3030 apertam
900 2948 1052 3010 haeresim
1083 2955 1233 3011 contine-

160 3030 164 3035 ’
220 3028 316 3111 rent,
337 3054 403 3095 non
425 3034 531 3119 magui
557 3026 698 3107 ,fortasse
718 3034 855 3108 laboris,
886 3053 921 3094 ac
949 3031 1140 3113 diligentiae
1160 3031 1232 3109 suit,

221 3114 371 3179 infinitos
404 3117 499 3178 etiam
530 3118 660 3179 libellos
681 3119 949 3204 conscripserunt:
972 3123 1029 3204 qui
1059 3139 1131 3193 cum
1159 3120 1232 3205 pie-

220 3203 298 3263 tatis
321 3200 458 3285 speciem
488 3198 738 3285 praeseferrent,
766 3202 956 3266 incredibile
977 3205 1034 3282 ett,
1091 3225 1162 3269 uam
1183 3202 1231 3267 sa-

221 3284 284 3347 cile
305 3285 453 3377 incauto?
474 3288 667 3373 limplicium
690 3290 816 3355 aniruos
838 3289 1034 3375 deceperint.

220 3400 305 3546 [ῥῶ
322 3464 355 3528 7.
381 3452 555 3536 Quomodo
575 3456 816 3549 pestilentibus
846 3458 1230 3549 Pserrdoproplretarum

374 3536 512 3607 vocibus
533 3550 567 3605 et
579 3542 732 3631 scriptio
745 3542 828 3632 fuit
850 3544 1098 3609 occurrendum
1108 3540 1143 3636 P]

126 3704 150 3745 r.
165 3699 210 3744 tx.
283 3681 545 3768 *Quamobrem*
561 3684 668 3749 Patres
688 3687 908 3749 oecumenicae
920 3686 1133 3759 Tridentinae
1147 3687 1230 3768 Syn-

163 3776 166 3781 '
222 3766 389 3848 odi,cu1u
416 3781 525 3850 tanto,
553 3780 590 3835 ‘et
612 3785 676 3834 tam
697 3774 878 3857 pernicioso
900 3774 975 3834 lmic
997 3774 1083 3835 malo
1113 3776 1229 3835 l'aluta·

220 3872 288 3918 rem
316 3856 456 3941 aliquam
487 3855 680 3920 medicinam
709 3857 860 3921 adhibere
899 3857 1039 3920 maxime
1069 3870 1229 3944 cuperent,

220 3942 381 4002 nonsatis
404 3934 661 4029 amputarunt,
693 3946 840 4023 graviore
870 3945 1046 4005 catholicae
1068 3943 1229 4008 doctrinae

220 4026 323 4110 capita
351 4039 458 4090 contra
487 4029 763 4114 nostri'tcmporis
786 4030 931 4092 heereles
960 4030 1147 4107 decernere,
1176 4029 1229 4093 led

217 4109 301 4172 illud
324 4125 486 4196 praetcrea
508 4112 563 4174 sibi
592 4110 771 4176 faciendum
806 4114 1009 4191 rcnlucrnnt,
1050 4126 1084 4178 ut
1112 4127 1229 4178 certam

218 4196 358 4282 aliquem
390 4193 562 4259 formulam
594 4210 627 4262 et
654 4201 813 4262 rationem
843 4199 1011 4263 Chrilliani
1040 4202 1158 4287 populi
1192 4204 1228 4263 ab

217 4282 294 4367 ipliu
316 4281 392 4343 fidei
420 4283 612 4347 rudimenlis
648 4286 830 4348 instituendi
852 4286 1032 4363 traderent,
1068 4309 1162 4374 quam
1194 4288 1228 4349 in

219 4365 368 4431 omnibus
388 4367 524 4431 ecclesiis
546 4369 600 4433 illi
623 4374 845 4457 sequerentur,
867 4372 981 4458 quibus
1004 4372 1147 4452 legitimi
1167 4370 1228 4436 l'a-

217 4451 327 4526 llorie,
347 4464 381 4516 et
400 4450 545 4521 ductoria
564 4475 681 4533 munuc
702 4456 883 4523 obeundum
904 4456 993 4522 cll'et.
1018 4463 1052 4531 4
