2542 4898
1061 360 1065 381 l

1056 402 1059 414 ¹
1160 410 1169 425 x

608 442 611 450 ,

539 464 544 477 Ι

215 652 367 765 ’Θηρώ
414 666 475 739 De
507 666 666 741 Sacram.
689 671 729 741 in
748 678 889 767 genere.
999 688 1073 763 241

56 860 144 917 rena
164 861 260 938 alque
286 848 324 924 in
351 848 416 915 hoc
444 849 612 938 posteriori
642 852 804 937 lignorum
833 875 950 935 genere
971 861 1075 924 lacre·

58 948 169 1001 rnenla
199 957 306 1003 novae
331 936 415 1016 legia
435 936 629 1001 numeranda
658 938 740 1017 elle,
775 941 902 1026 liquido
932 958 1076 1030 apparet.

55 1027 144 1103 ligna
168 1023 256 1086 enirn
276 1027 350 1087 lunt
377 1022 539 1086 divinitus
560 1023 691 1100 lradila,
723 1044 791 1087 non
818 1028 855 1086 ab
884 1028 1074 1094 horninibus

56 1110 211 1183 inventa,
251 1129 331 1195 quae
360 1109 409 1172 rei
427 1109 603 1192 cujuspiam
632 1109 753 1181 sacrae,
781 1132 874 1196 quarn
904 1112 1075 1195 declaranl,

56 1191 270 1257 efficientiam
291 1194 328 1257 in
347 1197 381 1259 le
401 1195 568 1257 continere
590 1207 675 1258 cerlo
699 1194 870 1258 credimus.
889 1197 931 1277 -l-

56 1331 142 1421 [Qu.
162 1340 195 1406 6.
247 1330 351 1429 Estne
386 1354 441 1396 rea
467 1329 580 1418 sacra
606 1329 840 1418 sacramentis
862 1330 1074 1422 fignificata

248 1439 355 1480 nnana
373 1417 561 1503 g·enerie?]

120 1529 221 1593 *Seri*
239 1530 505 1617 quemadmodum
534 1533 621 1614 ligna
651 1533 686 1596 in
714 1531 889 1619 multiplici
920 1535 1074 1603 varietate
1133 1564 1171 1610 ro.

57 1614 123 1681 effe
144 1619 362 1695 ostendirnu83
390 1619 434 1680 ila
468 1619 565 1680 eliam
593 1640 644 1681 rea
675 1623 757 1681 lacre
780 1641 846 1682 non
868 1621 1073 1687 uniusmodi

57 1702 267 1765 existimanda
288 1704 337 1766 ell.
391 1699 489 1783 Quod
513 1725 589 1765 vero
612 1703 649 1765 ad
668 1705 862 1788 propofilarn
882 1710 1125 1773 l'ecrarnenlillk

57 1788 286 1850 definitionem
316 1787 448 1861 eminet,
491 1788 673 1852 divinarum
700 1809 805 1851 rerum
837 1785 864 1868 f)
892 1794 1074 1878 scriptores,

56 1880 164 1937 sacrae
194 1875 243 1935 rei
272 1875 405 1936 nornine
428 1871 490 1934 Dei
511 1876 662 1954 gratiana,
694 1894 773 1959 quae
794 1896 854 1937 noe
878 1874 1000 1940 lanclos
1022 1877 1076 1942 ef·

56 1960 148 2035 ficit,
176 1978 211 2020 ac
233 1958 379 2020 omnium
401 1958 583 2021 divinarum
618 1962 773 2020 virtulum
793 1960 905 2023 habilu
926 1976 1074 2040 exornat,

59 2043 285 2106 demonstrem.
309 2045 384 2105 lruic
405 2045 492 2107 enim
508 2045 629 2123 graliae
647 2045 813 2129 propriam
831 2053 933 2110 l'acrae
952 2051 999 2111 rei
1014 2071 1076 2135 ap-

57 2129 270 2215 pellationem
294 2120 493 2192 tribuendam
514 2131 628 2192 merito
661 2141 830 2214 pularunl,
860 2134 982 2218 quippe
1003 2157 1075 2198 cum

56 2216 127 2298 ejus
140 2216 292 2277 beneficio
305 2216 431 2277 animoa
447 2214 546 2276 noller
555 2214 624 2277 Deo
635 2218 843 2291 coniectorum
858 2229 887 2278 el
899 2219 1075 2299 conjunge.-

56 2313 120 2362 lur.
144 2296 264 2381 Quare,
278 2311 311 2361 ul
324 2301 526 2384 explicatius,
542 2300 616 2385 quid
629 2305 854 2364 lacranrenlurn
868 2304 913 2377 ln,
927 2303 1070 2368 declare—
1082 2321 1115 2371 x.
1151 2332 1187 2374 n.

57 2398 122 2462 lor,
145 2387 321 2448 docendum
336 2389 409 2458 erit,
426 2407 493 2447 rem
506 2385 568 2448 elle
584 2387 720 2448 l'enlibus
736 2386 912 2465 sulrjeclarn,
936 2411 1014 2474 quae
1031 2411 1074 2454 ex

57 2470 122 2533 Dei
138 2471 334 2533 inllilutione
350 2472 533 2544 l'anclilaris,
551 2484 582 2533 el
604 2471 737 2551 julliliae
761 2481 825 2533 lurn
841 2474 1074 2551 lignilicandae,

58 2571 128 2619 ruan
151 2554 338 2618 efficiendae
362 2558 428 2618 vim
450 2557 558 2617 habet:
591 2576 633 2617 ex
655 2578 718 2640 quo
740 2559 899 2640 lequilur,
921 2573 955 2618 ul
977 2555 1072 2622 facile
1087 2592 1092 2603 ··

57 2643 171 2729 ‹luivis
192 2644 287 2726 pollii
314 2644 516 2720 inlelligere,
549 2641 706 2719 imagines
727 2644 924 2717 sanctorum,
955 2665 1075 2715 cruces,
1158 2651 1160 2655 ’

56 2739 91 2791 el
113 2730 178 2788 alia
201 2729 233 2788 id
256 2729 401 2807 generis,
423 2727 571 2813 quamvis
596 2734 749 2788 l'acrarurn
773 2747 877 2788 rerum
897 2730 981 2806 ligna
1003 2733 1074 2805 lim,
1234 2803 1242 2813 ο

56 2835 128 2877 υοιι
150 2813 223 2874 ideo
255 2826 360 2875 lamen
391 2811 581 2874 sacramenta
610 2810 742 2872 dicenda
772 2810 845 2876 else.
895 2811 996 2894 liujus
1016 2836 1074 2875 au·
1156 2848 1158 2852 ·

57 2910 127 2962 lem
162 2897 311 2960 rerilaria
340 2898 519 2959 doctrinam
552 2893 646 2957 sacile
673 2897 736 2958 eril
755 2901 787 2976 ὅ)
809 2897 953 2959 omnium
975 2903 1076 2960 sacra-

56 2994 244 3049 lnenlocmn
276 2984 428 3068 exemplo
457 2984 683 3066 comprobare,
716 2982 757 3056 li,
789 2981 872 3067 quod
909 2995 999 3044 anloa
1035 2983 1075 3046 de

13 3137 18 3143 ,
55 3071 218 3154 baplilrno
240 3066 481 3146 admonuimus,
510 3090 581 3130 curn
609 3067 790 3128 dicebamus
818 3068 1007 3130 sollemnem
1031 3071 1075 3130 il-

55 3157 125 3216 lanr
147 3155 292 3238 corporis
320 3155 517 3221 alrlulionem
545 3154 666 3232 lignum
690 3151 771 3227 elle,
804 3164 836 3214 el
866 3149 1078 3219 elliciemiarn

56 3242 180 3303 habere
200 3241 249 3301 rei
270 3246 389 3317 l'acrao,
415 3260 493 3325 quae
516 3238 652 3301 interius
673 3236 815 3321 Spiritus
837 3240 935 3299 l'ancli
958 3240 992 3299 vi
1014 3243 1075 3301 lie'-

56 3337 125 3400 ret,
155 3324 241 3388 idern
272 3327 369 3387 eliam
391 3323 426 3386 in
450 3325 524 3385 aliis
553 3325 756 3386 sacramentis
784 3344 931 3386 exercere
957 3319 1075 3410 aliquia

58 3412 155 3476 velit.
196 3409 267 3473 Jarn
292 3432 369 3473 vero
392 3410 480 3471 hisce
501 3410 639 3488 mysticis
660 3410 767 3487 lignis,
789 3429 868 3493 quae
890 3431 906 3468 a
929 3407 997 3471 Deo
1020 3413 1129 3484 in-xr,
1152 3437 1187 3480 12.

58 3498 165 3559 stilula
200 3497 289 3569 lunt,
329 3495 409 3557 illud
436 3495 536 3565 eliani
564 3493 734 3579 praecipue
761 3494 931 3567 convenil,
966 3507 998 3556 ul
1032 3517 1076 3558 ex

58 3581 200 3645 Domini
228 3583 425 3642 inllilulione
446 3602 510 3641 non
531 3602 625 3642 unam
648 3581 785 3663 aliquam
810 3600 894 3650 rern,
925 3579 976 3639 sed
998 3581 1076 3663 pln-

58 3689 111 3729 res
142 3669 233 3728 lirnul
268 3668 453 3744 lignilicenl.
511 3661 609 3745 Quod
646 3665 680 3725 in
712 3664 844 3740 lingulis
874 3665 1075 3726 l'acrarnenlia

58 3756 139 3815 licet
160 3753 366 3833 cognoscere,
395 3770 474 3832 quaa
505 3771 571 3812 non
593 3751 696 3812 l'olurn
717 3751 931 3815 l'anclilalenr.
959 3761 990 3809 et
1023 3748 1076 3830 ju-

58 3840 175 3901 lliliam
198 3837 351 3912 nollrarn,
385 3836 436 3898 sed
462 3848 623 3918 praelerea
645 3836 708 3896 duo
731 3835 792 3894 alia
819 3854 889 3895 curn
914 3834 979 3917 ipla
1001 3837 1077 3897 lan·

59 3926 169 3985 clilale
193 3927 333 3985 rnaxirne
350 3922 515 4003 conjuncla
532 3920 700 3996 declarant,
723 3918 835 3980 Chrilli
858 3918 977 3981 scilicet
997 3919 1076 3982 red·

62 4011 219 4094 ernploris
257 4010 453 4094 passionem,
496 4027 576 4094 quae
610 4005 785 4068 l'aaclilalis
819 4008 907 4067 caula
941 4005 1000 4079 est,
1043 4016 1077 4068 et

63 4099 164 4157 ailam
186 4106 364 4171 aeternam,
395 4092 618 4178 caelestemque
650 4089 897 4165 bealiludinern‚
922 4088 1076 4174 adquam
1177 4132 1181 4145 .

62 4180 209 4243 lanctiraa
242 4181 365 4251 nollra,
402 4189 563 4264 tamquam
595 4176 633 4238 ad
667 4178 786 4254 finem,
827 4170 943 4239 referri
973 4173 1076 4239 debet.

96 4384 123 4450 l)
146 4385 183 4436 V.
201 4381 282 4450 lepra
302 4362 350 4452 ou·
368 4390 394 4444 3.
412 4382 507 4454 ibique
534 4394 638 4440 uocata.
655 4407 690 4426 -
733 4381 768 4453 g)
786 4381 906 4436 Tertulla
923 4379 958 4434 rle
976 4375 1078 4436 resurr·

97 4461 254 4517 cuu.c.8.
273 4453 405 4525 (rr-226.)
513 4459 516 4463 ’
809 4543 846 4632 Q
