2542 4898
155 620 271 723 Ι,133
341 576 486 685 Calculi.
511 602 621 691 Rom.
655 602 695 677 Ρ.
713 606 741 682 Ι.
790 544 1057 708 notauit-1010.

195 789 506 866 foramentorum,
532 809 568 850 ac
593 783 878 875 saplentilliroum,
910 786 1117 877 e'juadernqoo
1141 810 1218 855 cum

197 889 303 961 patre,
318 886 359 935 et
383 876 452 935 tttto
474 885 616 935 naturae.
660 872 758 957 Quod
779 874 909 959 quidem
931 875 1022 939 illiue
1045 875 1149 952 vocis,
1166 894 1215 953 ιι,
1244 951 1246 954 ¹

197 984 268 1025 cunr
292 960 443 1034 dicimus,
478 956 580 1020 Credo
608 959 644 1021 in
669 959 817 1041 spiritum
839 963 997 1036 fanetum,
1030 964 1215 1047 proprietas

195 1044 270 1112 latis
299 1044 438 1120 indicat,
456 1044 488 1121 a)
525 1063 623 1128 quae,
651 1045 688 1107 ad
725 1043 971 1128 exprimendam
992 1045 1071 1108 fidei
1093 1046 1216 1109 trollrae

121 1177 124 1181 «
196 1133 281 1205 viru,
311 1130 440 1210 lingulis
471 1127 642 1195 Trinitatis
672 1131 817 1214 personis
838 1131 979 1214 appolita
1001 1130 1053 1194 att.
1103 1130 1149 1197 At
1175 1152 1216 1197 ue
1243 1165 1246 1169 ·

195 1216 231 1305 id
254 1216 350 1278 etiarn
380 1225 487 1299 aperta
509 1220 665 1277 sacrarunt
691 1216 872 1277 litterarum
895 1214 1070 1277 telliruo'uia
1092 1153 1216 1279 couir-

196 1312 294 1364 urant.
338 1320 411 1361 naut
432 1321 502 1360 curn
524 1303 646 1360 sanctus
674 1297 787 1361 Petrus
815 1301 849 1361 in
879 1296 971 1360 Actia
999 1298 1217 1384 apostolorum

200 1384 347 1448 dixill'ct:
366 1392 396 1460 t)
419 1381 582 1453 Antania,
605 1403 667 1444 (την
689 1380 840 1445 tentavit
858 1381 1013 1446 Satanae
1031 1394 1219 1463 cortuum,

198 1467 342 1532 mentiri
363 1477 396 1530 te
417 1464 564 1552 spiritui
583 1465 736 1552 lanato?
759 1489 837 1530 ruox
859 1469 987 1553 inquit:
1016 1472 1044 1544 ¹)
1074 1465 1158 1533 Non
1178 1490 1217 1532 eo

198 1547 591 1625 terentitucbominibus,
614 1549 685 1637 sid
706 1549 799 1615 Deo:
834 1574 928 1638 quero
952 1554 1043 1640 priua
1065 1554 1217 1639 lpirilurn

200 1648 337 1702 l'aactuur
367 1637 604 1720 appellaverat,
645 1635 781 1698 eundern
823 1638 923 1700 ssantiru
965 1638 1070 1700 Deum
1110 1650 1219 1701 vocat.

96 1750 101 1757 ·
198 1724 369 1808 Apollolue
390 1727 486 1783 etiarn
509 1720 546 1780 ad
571 1719 781 1796 Corinthios,
818 1744 914 1806 quern
943 1720 1046 1785 Deum
1077 1723 1220 1802 dixerat,

199 1813 346 1894 l'pirituur
369 1812 507 1869 structura
526 1804 587 1866 elle
614 1809 849 1902 interpretatur.
877 1815 902 1885 ⁸)
936 1803 1141 1890 Diuifioneo‚
1162 1809 1220 1871 in·

198 1897 287 1981 quit,
308 1890 546 1977 operationum
560 1888 667 1971 stant,
698 1889 789 1953 adem
811 1910 891 1954 vero
914 1887 1029 1967 Deua,
1049 1888 1111 1976 qui
1134 1915 1153 1952 o
1179 1914 1220 1956 e-

190 1988 301 2041 antur
322 1973 440 2038 onznia
461 1973 497 2035 in
518 1971 825 2038 otiocitnaadetnda
855 1977 1033 2056 l'ubjunuit:
1055 1980 1082 2050 ⁸)
1156 1997 1220 2040 aec

118 2083 122 2095 ·
197 2073 315 2124 antem
341 2057 459 2122 omnia
487 2067 653 2142 operatur·
674 2054 785 2132 nrrrta',
816 2069 855 2122 ot
879 2081 922 2121 ne
940 2058 1031 2123 idem
1054 2054 1221 2144 spiritus,

198 2144 358 2208 dividens
386 2141 532 2228 fingatis
567 2151 671 2225 prout
708 2141 794 2206 vult.
857 2081 1023 2206 i'raelerea
1055 2145 1091 2206 in
1124 2142 1220 2207 Actis

199 2232 430 2315 apostolorum,
458 2226 541 2312 quod
573 2229 628 2286 uni
650 2227 719 2288 Deo
750 2229 929 2311 prophelae
958 2233 1119 2305 tribuunt,
1159 2232 1220 2292 itta

201 2317 331 2398 l'piritui
360 2321 465 2376 l'ancto
488 2312 647 2373 adscribit.
677 2314 804 2374 dixerat
827 2316 914 2375 enirn
936 2313 1053 2378 llaias:
1073 2312 1106 2395 ¹¹)
1142 2312 1220 2377 Au-

200 2399 275 2462 divi
304 2420 417 2461 vocem
443 2394 590 2458 Domini
621 2394 791 2459 dicentia.-
831 2398 941 2476 Quem
980 2398 1149 2461 nrittom?
1185 2409 1220 2461 et

200 2482 295 2550 dixit
325 2480 431 2544 milri.-
467 2477 583 2556 Vasta,
606 2488 639 2540 et
659 2478 752 2542 dices
774 2481 900 2565 populo
923 2481 1025 2544 linio.-
1056 2481 1219 2544 Excoeca

202 2588 261 2630 rur
282 2564 404 2651 pupnli
429 2563 546 2647 terrina,
574 2575 607 2627 et
636 2584 740 2626 aurea
767 2564 842 2646 rjtaa
864 2587 1044 2650 aggravo,
1071 2575 1105 2627 et
1135 2588 1222 2628 ocn-

201 2650 251 2713 loa
280 2652 354 2725 eiras
387 2647 527 2713 claude:
572 2670 614 2709 ne
645 2644 740 2728 sorte
767 2647 885 2711 vident
915 2649 1024 2712 oculis
1054 2648 1150 2730 sitia,
1186 2659 1220 2717 er

201 2733 347 2799 antibus
377 2732 453 2816 sicia
484 2728 619 2793 attollat.
681 2729 773 2813 Quae
815 2736 909 2794 verba
946 2757 1017 2796 curn
1044 2733 1221 2818 Apostolus

202 2823 380 2893 citarem)
412 2815 526 2892 Bene,
557 2816 680 2900 inquit,
718 2815 871 2902 spiritua
895 2816 1047 2904 sanctur
1083 2817 1221 2884 lor-utne

202 2904 247 2987 est
267 2925 331 2989 per·
352 2900 484 2984 Ilnt'orn
500 2901 716 2984 propnetam.
776 2900 900 2963 Deinde
927 2925 1002 2969 vero
1032 2925 1105 2971 curu
1140 2906 1223 2966 l'cri-

165 3004 167 3009 '
202 3003 294 3074 plura
313 2991 443 3073 spiritus
458 2985 554 3053 [arreti
571 2989 736 3069 personatu
758 3009 828 3052 cunt
849 2987 941 3049 Patre
970 3000 1001 3050 el
1022 2986 1112 3050 Filio
1141 3012 1222 3053 cuu-

178 3066 324 3158 'juugit,
356 3085 388 3134 ut
419 3093 491 3131 cunr
512 3073 631 3154 patris,
665 3084 696 3132 ot
720 3072 798 3147 libi,
828 3087 859 3133 et
882 3074 1011 3158 spiritus
1033 3076 1134 3135 suncti
1159 3096 1223 3137 uo-

203 3181 278 3220 rucu
301 3162 335 3219 iu
359 3158 515 3238 baptil'uro
540 3155 683 3215 adhiberi
708 3158 880 3241 praecipit,
915 3161 1022 3223 nullus
1056 3160 1153 3225 nobis
1182 3160 1222 3220 de

205 3244 297 3323 bajus
331 3243 468 3321 ruyllerii
506 3240 640 3301 varitate
676 3239 842 3304 dubitandi
881 3244 970 3308 locus
1013 3244 1223 3328 relinquitur.

203 3350 278 3390 araur
304 3328 328 3386 li
361 3340 449 3410 pater
472 3323 557 3384 Deus
581 3324 636 3399 etl,
666 3339 696 3386 et
721 3328 806 3387 lilius
830 3326 933 3392 Deus:
968 3330 1103 3390 omnino
1127 3326 1224 3392 fateri

204 3415 365 3490 cogimur,
398 3412 494 3471 etiarn
521 3411 669 3491 l'piritunr
702 3415 860 3489 salutum,
891 3413 948 3498 qui
976 3434 1047 3474 curu
1080 3416 1129 3475 eis
1153 3417 1224 3500 pari

205 3499 341 3558 honoris
375 3494 470 3573 praclu
503 3494 722 3573 corrjungitur‚
753 3495 855 3558 Deurn
878 3498 951 3558 olle.
1008 3496 1145 3560 Accedit
1165 3522 1225 3560 au-

205 3596 288 3656 teur,
309 3583 391 3666 quod
417 3584 462 3647 is,
483 3582 538 3664 «pul
560 3583 592 3638 in
621 3582 751 3641 nornine
764 3583 903 3663 cujusvis
918 3582 964 3643 rei
980 3595 1101 3646 creatae
1118 3587 1225 3668 bapti-

208 3680 315 3741 zatur,
340 3670 462 3728 nullutn
485 3686 527 3725 ex
549 3686 587 3725 en
605 3660 740 3727 fructura
754 3674 856 3729 conl'er
870 3669 902 3728 ui
918 3668 1027 3751 potest.
1039 3676 1080 3743 W)
1105 3667 1225 3731 Num«

208 3750 295 3839 qnid
314 3749 350 3812 in
371 3749 507 3810 saturnine
537 3746 666 3828 Paeti,
697 3752 823 3835 inquit,
849 3693 1024 3836 baptizoti
1051 3750 1156 3834 estis?
1191 3765 1225 3813 ut

208 3836 391 3899 ostenderet
417 3840 476 3894 ltuc
499 3835 545 3893 eis
566 3836 650 3893 nibil
673 3834 710 3895 ad
731 3836 974 3920 coutparaudarn
997 3837 1224 3922 l'aluternpro-

100 3940 105 3945 ·
210 3918 351 3985 suturunr
374 3920 448 3982 elle.
505 3917 583 3979 Curu
607 3921 704 3997 igitur
727 3924 921 4004 baptizentur
945 3923 978 3981 in
1002 3924 1137 3983 uotuine
1159 3924 1226 4007 l'pi-

209 4009 293 4069 ritus
316 4006 433 4079 lancti,
455 4025 528 4065 euru
550 4001 613 4073 effe
637 4002 741 4068 Deum
764 4008 859 4068 lateri
883 4018 1023 4091 oportet.
1067 4007 1130 4069 Sed
1143 4009 1227 4071 ltuuc

214 4166 433 4182 ..n-..a-m-m.
456 4165 503 4172 ...-
509 4164 655 4172 ..μ-...ψω-

248 4248 278 4310 p)
298 4242 405 4296 ttutsia.
429 4259 493 4308 exp·
516 4239 603 4307 symb.
627 4245 712 4300 η.36.
731 4266 762 4280 -·
800 4241 831 4308 q)
851 4240 912 4294 Act.
930 4246 963 4301 5,
979 4261 1001 4301 3.
1018 4270 1056 4284 -
1091 4247 1119 4310 r)
1140 4242 1177 4296 ib.
1201 4262 1226 4296 r.

246 4336 269 4370 a.
291 4341 321 4355 -
359 4316 657 4376 altCor.12‚6.-
695 4315 773 4377 t)il›.
799 4333 823 4362 a·
845 4335 878 4369 rr.
902 4338 935 4354 ·-
971 4316 1227 4383 u)lla.ss,alq=p

246 4414 278 4427 -
308 4386 340 4454 r)
359 4387 536 4473 Acarna.
557 4409 590 4422 ·-
625 4383 884 4452 lt)1l,'ur.t·tr.

433 4664 439 4671 .

414 4674 524 4737 θ’

510 4710 514 4719 .
