2542 4898
50 624 55 631 Ι
133 652 147 659 ’
211 657 288 739 386
336 596 485 726 caeca.
500 612 645 729 ‘Runa'
672 647 714 719 Ρ.
735 648 780 721 lb
830 646 892 719 De
916 648 1172 763 sacramentis.
1225 610 1232 621 ⁸

115 832 119 839 ’
214 853 283 897 non
303 832 360 910 sit,
390 832 426 897 in
446 830 588 916 ejusdem
604 828 651 910 ⁵⁷)
669 829 776 895 rnorbi
801 839 835 893 et
858 827 936 893 vitii
954 826 1231 909 genna-recidere.

108 917 325 1005 xnrmNeque
353 939 431 982 vero
459 920 518 981 itta
537 912 746 981 conseffionie
777 916 905 981 utttttu
931 914 1229 1000 praetermittenda,

217 1024 297 1091 quae
317 1002 357 1065 ad
380 1005 468 1069 vitae
487 1003 670 1067 societatem
696 1014 734 1067 et·
753 998 1014 1086 conjunctionem
1031 1020 1229 1086 mqnopere

216 1080 1229 1259 rattta:.¹¹ta;teattttzrtttstastata

217 1270 251 1323 et
271 1256 420 1323 nefandis
439 1262 610 1323 sceleribus
630 1253 735 1321 futura
757 1255 838 1323 esse:
867 1276 948 1344 quaa
966 1255 1091 1357 postea,
1111 1266 1148 1321 et
1166 1256 1227 1321 att·

217 1344 315 1407 etiarn
336 1347 439 1408 inulto
462 1347 630 1426 graviora,
651 1343 823 1418 homines,
854 1352 979 1429 paccata
999 1339 1229 1431 consuetudine

217 1428 403 1513 depravati,
435 1431 540 1516 palam
556 1430 757 1493 comminare
778 1449 846 1492 non
869 1429 1074 1495 verebuntur.
1108 1426 1228 1497 etenira

215 1514 391 1578 confitendi
413 1515 618 1593 verecundia,
640 1513 848 1600 delinquendi
870 1512 1051 1598 cupiditati,
1069 1522 1106 1575 et
1124 1512 1229 1579 licam

215 1600 280 1662 tiae
299 1611 460 1700 tamqnam
481 1596 592 1664 franca
622 1600 747 1682 injicit,
776 1610 810 1664 at
827 1598 1071 1684 improbitatem
1093 1610 1228 1663 coercet.

102 1716 104 1723 ·
173 1697 207 1748 1..
276 1682 339 1747 Sed
374 1707 437 1768 Jarn
467 1680 674 1750 consessionis
703 1684 844 1749 utilitate
872 1683 1035 1769 exposita,
1078 1703 1163 1769 quae
1193 1684 1230 1747 tt

215 1766 282 1849 ejus
301 1781 433 1850 natura,
453 1782 486 1835 et
505 1772 575 1850 rie,
595 1770 771 1834 Pastoribua
787 1767 977 1834 tradendum
997 1758 1076 1837 erit.¹
1093 1764 1139 1855 -Ι-

215 1940 300 2028 [Qu.
319 1953 373 2017 aa
419 1939 593 2039 aiau
624 1938 844 2028 caetani
862 1936 1144 2027 sacramentali·
1171 1937 1230 2005 a

410 2025 566 2113 scriptio·
579 2037 614 2091 et
634 2025 798 2101 aratura?¹

168 2177 212 2225 m,
276 2143 530 2227 consessionem]
554 2145 651 2210 *Earn
668 2147 786 2228 igitur*
810 2147 969 2212 definiunt
993 2144 1056 2210 esse
1079 2154 1228 2230 peccato·

212 2252 283 2293 rum
297 2232 535 2311 accubitionem,
552 2254 631 2320 quae
646 2232 682 2294 ad
700 2236 887 2297 sacramenti
900 2254 1001 2314 genua
1017 2228 1226 2318 pertinet,⁵⁸)

215 2336 254 2378 eo
285 2322 475 2402 susceptam,
518 2329 554 2380 ut
586 2318 714 2381 veniam
742 2319 862 2382 virtute
890 2319 1032 2382 clavium
1068 2318 1226 2402 impetre-

172 2470 180 2484 ,
215 2423 298 2464 enus.
341 2402 439 2466 Recte
458 2414 566 2466 autem
587 2406 740 2467 accusatio
763 2405 896 2480 dicitur,
925 2403 1008 2491 quod
1032 2414 1163 2486 peccata
1183 2402 1224 2463 ita

213 2489 490 2551 commemoranda
511 2511 577 2552 non
602 2494 691 2563 sunt,
731 2491 815 2573 craesi
843 2493 960 2552 scotera
990 2488 1094 2550 nostra
1117 2498 1227 2550 oeten·

213 2584 332 2649 ternus,
354 2588 389 2637 ut
410 2576 437 2637 ii
459 2568 598 2649 faciunt,
619 2578 660 2650 aa)
682 2574 742 2658 qui
758 2572 938 2636 laetantur
959 2594 1038 2636 cum
1061 2570 1157 2634 moli
1166 2569 1225 2658 se·

213 2656 324 2720 corint
333 2679 345 2733 3
363 2674 414 2722 aut
426 2661 559 2722 omnino
578 2657 760 2732 enarranda,
783 2671 816 2720 ut
831 2660 855 2719 tt
868 2657 914 2736 59)
927 2680 995 2722 ram
1010 2659 1154 2744 aliquam
1171 2678 1225 2737 ge-

198 2739 286 2805 ·starn
318 2747 427 2808 otiosis
455 2745 654 2807 auditoribus
685 2743 866 2806 delectandi
897 2743 983 2806 causo
1015 2764 1224 2826 exponemus.

212 2847 325 2891 verum
346 2832 538 2894 accusatorio
567 2831 676 2892 animo
705 2831 749 2889 ita
772 2830 984 2892 enumeranda
1006 2832 1097 2903 sunt,
1128 2840 1164 2890 ut
1193 2847 1224 2891 ea

149 2914 309 2976 metium
336 2916 372 2979 in
401 2917 495 2978 nobie
525 2915 689 2977 vindicare
718 2916 894 2999 cupiamus.
957 2914 1088 2976 Veniae
1120 2927 1223 2977 autern

210 2997 431 3083 impetrandae
459 3004 566 3075 causa,
596 3009 721 3084 peccata
748 3002 953 3061 confitemur:
986 2999 1143 3085 quoniam
1164 3002 1223 3062 boc

208 3082 364 3164 judicium
390 3088 488 3167 longo
516 3085 666 3147 dissimile
689 3080 924 3147 adserentibus
955 3086 1147 3170 capitalium
1176 3107 1224 3149 re·

209 3188 281 3230 rum
304 3172 547 3255 quaestionibus,
570 3172 605 3232 in
627 3169 740 3255 quibua
756 3166 946 3233 confessioni
968 3191 1075 3254 poena
1097 3182 1132 3233 et
1149 3175 1222 3255 snp-

208 3254 365 3337 pliciuru,
398 3277 464 3317 non
485 3255 594 3338 culpae
614 3255 784 3330 liberatio,
818 3267 850 3318 et
872 3258 969 3319 errati
994 3255 1088 3318 venia
1109 3258 1222 3321 consii-

209 3350 280 3399 tuta
302 3340 353 3402 asi.
409 3338 448 3401 In
477 3340 609 3401 eandem
639 3336 936 3416 taratarantium,
968 3341 1120 3427 quamvis
1152 3344 1221 3405 aliia

210 3425 336 3502 verbis,
373 3425 555 3488 sanctissimi
576 3425 686 3487 Patres
709 3425 858 3488 videntur
885 3423 1119 3491 consessionem
1142 3430 1220 3492 deii·

208 3507 309 3582 nisse;
339 3512 439 3574 veluti
466 3533 536 3574 cum
567 3507 901 3592 sanctuaAugutiinus
922 3514 1048 3599 inquit:
1080 3515 1115 3593 ¹)
1136 3512 1220 3579 Gon·

209 3586 300 3657 sessio
324 3597 380 3673 esi,
408 3618 466 3682 per
494 3616 587 3683 quam
615 3601 744 3660 mortius
765 3600 869 3660 latens
897 3603 953 3683 spe
977 3601 1092 3663 veniae
1114 3604 1219 3685 aperi-

207 3689 280 3742 tur:
305 3696 336 3745 at
356 3687 477 3746 sanctus
499 3682 693 3761 Gregorius:
712 3685 745 3760 t)
767 3681 928 3746 Confessio
959 3685 998 3746 esi
1020 3697 1218 3769 peccatorum

208 3764 388 3829 detestatio:
419 3768 551 3854 quoium
573 3780 722 3855 utraque,
756 3769 841 3854 quod
864 3770 899 3832 in
920 3772 1082 3855 superiori
1104 3770 1219 3837 desini·

208 3851 298 3914 tiona
317 3854 520 3931 continetur,
541 3849 636 3917 facile
657 3855 697 3917 ed
718 3875 786 3917 earn
809 3853 922 3918 reterri
940 3859 1073 3941 poterit.
1095 3856 1140 3944 -Ι-

243 4137 294 4204 37)
314 4139 450 4204 ejutmodt
469 4140 554 4210 Aug„
579 4143 653 4211 Mag.
671 4166 706 4183 -
742 4141 791 4209 38)
808 4141 938 4194 Eaedem:
965 4143 1054 4212 (quae
1071 4145 1105 4198 ad
1127 4143 1217 4200 Sacra·

242 4221 366 4261 irretitum
385 4215 541 4279 portinent).
560 4238 594 4254 ·-
629 4213 679 4279 39)
700 4229 749 4264 nec
766 4231 840 4266 omri.
859 4220 894 4266 itu
920 4234 1021 4280 errare,
1038 4216 1116 4285 clareii
1126 4220 1215 4271 Auru..

242 4281 294 4332 tat.
312 4288 347 4341 'ai-2
367 4284 450 4339 Ven.‚·
470 4300 520 4336 nec
541 4301 614 4338 otuu.
638 4290 675 4336 ita
692 4286 887 4372 ¹enumeranda,
903 4286 979 4354 quasi
1008 4289 1085 4359 Aug.
1103 4300 1132 4341 et
1150 4292 1215 4358 Meg·

135 4434 139 4441 .
241 4394 283 4464 w)
305 4396 385 4449 Prot·
411 4405 445 4461 2.
470 4414 559 4452 tt·—
602 4398 683 4463 x)et
707 4397 740 4466 y)
764 4399 853 4453 Etiam
879 4400 986 4455 Thoan.
1029 4402 1106 4475 Aqu.
1139 4408 1214 4462 int.
