<?xml version="1.0" encoding="UTF-8"?>
<!DOCTYPE html PUBLIC "-//W3C//DTD XHTML 1.0 Transitional//EN"
    "http://www.w3.org/TR/xhtml1/DTD/xhtml1-transitional.dtd">
<html xmlns="http://www.w3.org/1999/xhtml" xml:lang="en" lang="en">
 <head>
  <title>
</title>
<meta http-equiv="Content-Type" content="text/html;charset=utf-8" />
  <meta name='ocr-system' content='tesseract 3.04.00' />
  <meta name='ocr-capabilities' content='ocr_page ocr_carea ocr_par ocr_line ocrx_word'/>
</head>
<body>
  <div class='ocr_page' id='page_1' title='image "./librisymbolicie01stregoog/librisymbolicie01stregoog_0290.png"; bbox 0 0 2542 4898; ppageno 0'>
   <div class='ocr_carea' id='block_1_1' title="bbox 86 440 92 455">
    <p class='ocr_par' dir='ltr' id='par_1_1' title="bbox 86 440 92 455">
     <span class='ocr_line' id='line_1_1' title="bbox 86 440 92 455; baseline 0 0"><span class='ocrx_word' id='word_1_1' title='bbox 86 440 92 455; x_wconf 94' lang='grc' dir='ltr'><strong><em>Ι</em></strong></span> 
     </span>
    </p>
   </div>
   <div class='ocr_carea' id='block_1_2' title="bbox 233 562 1073 734">
    <p class='ocr_par' dir='ltr' id='par_1_2' title="bbox 233 562 1073 734">
     <span class='ocr_line' id='line_1_2' title="bbox 233 562 1073 734; baseline 0.005 -33"><span class='ocrx_word' id='word_1_2' title='bbox 233 572 237 583; x_wconf 36' lang='grc' dir='ltr'>Ι</span> <span class='ocrx_word' id='word_1_3' title='bbox 316 620 404 734; x_wconf 79' lang='lat' dir='ltr'><strong>Cip.</strong></span> <span class='ocrx_word' id='word_1_4' title='bbox 433 632 477 707; x_wconf 85' lang='lat' dir='ltr'>X.</span> <span class='ocrx_word' id='word_1_5' title='bbox 524 618 584 704; x_wconf 82' lang='lat' dir='ltr'>De</span> <span class='ocrx_word' id='word_1_6' title='bbox 609 622 709 704; x_wconf 81' lang='lat' dir='ltr'>nonu</span> <span class='ocrx_word' id='word_1_7' title='bbox 736 632 837 704; x_wconf 81' lang='lat' dir='ltr'>artie.</span> <span class='ocrx_word' id='word_1_8' title='bbox 898 562 925 611; x_wconf 42' lang='lat' dir='ltr'>q</span> <span class='ocrx_word' id='word_1_9' title='bbox 989 642 1073 716; x_wconf 79' lang='lat'>¹205</span> 
     </span>
    </p>
   </div>
   <div class='ocr_carea' id='block_1_3' title="bbox 58 813 1207 1758">
    <p class='ocr_par' dir='ltr' id='par_1_3' title="bbox 61 813 1077 990">
     <span class='ocr_line' id='line_1_3' title="bbox 62 813 1076 905; baseline -0.005 -19"><span class='ocrx_word' id='word_1_10' title='bbox 62 838 194 887; x_wconf 77' lang='lat' dir='ltr'>ornnem</span> <span class='ocrx_word' id='word_1_11' title='bbox 223 817 334 883; x_wconf 84' lang='lat' dir='ltr'>urbem</span> <span class='ocrx_word' id='word_1_12' title='bbox 367 827 521 882; x_wconf 75' lang='lat' dir='ltr'>terrerum</span> <span class='ocrx_word' id='word_1_13' title='bbox 548 813 757 882; x_wconf 78' lang='lat' dir='ltr'>diliemirteta.</span> <span class='ocrx_word' id='word_1_14' title='bbox 793 836 837 881; x_wconf 82' lang='lat' dir='ltr'>ex</span> <span class='ocrx_word' id='word_1_15' title='bbox 863 839 926 905; x_wconf 83' lang='lat' dir='ltr'>quo</span> <span class='ocrx_word' id='word_1_16' title='bbox 948 815 1003 893; x_wconf 83' lang='lat' dir='ltr'>ttt,</span> <span class='ocrx_word' id='word_1_17' title='bbox 1040 828 1076 882; x_wconf 81' lang='lat' dir='ltr'>ut</span> 
     </span>
     <span class='ocr_line' id='line_1_4' title="bbox 61 904 1077 990; baseline -0.006 -18"><span class='ocrx_word' id='word_1_18' title='bbox 61 927 160 972; x_wconf 83' lang='lat' dir='ltr'>nemu</span> <span class='ocrx_word' id='word_1_19' title='bbox 179 904 327 968; x_wconf 73' lang='lat' dir='ltr'>dubitare</span> <span class='ocrx_word' id='word_1_20' title='bbox 347 904 441 990; x_wconf 85' lang='lat' dir='ltr'>potfir</span> <span class='ocrx_word' id='word_1_21' title='bbox 475 904 593 989; x_wconf 80' lang='lat' dir='ltr'>impiae</span> <span class='ocrx_word' id='word_1_22' title='bbox 610 905 843 965; x_wconf 79' lang='lat' dir='ltr'>haereticorum</span> <span class='ocrx_word' id='word_1_23' title='bbox 867 923 962 967; x_wconf 77' lang='lat' dir='ltr'>vocet</span> <span class='ocrx_word' id='word_1_24' title='bbox 977 904 1077 984; x_wconf 82' lang='lat' dir='ltr'>longe</span> 
     </span>
    </p>

    <p class='ocr_par' dir='ltr' id='par_1_4' title="bbox 60 949 1076 1066">
     <span class='ocr_line' id='line_1_5' title="bbox 60 949 1076 1066; baseline -0.003 -11"><span class='ocrx_word' id='word_1_25' title='bbox 60 1016 80 1055; x_wconf 82' lang='lat' dir='ltr'>e</span> <span class='ocrx_word' id='word_1_26' title='bbox 113 1013 208 1056; x_wconf 75' lang='lat' dir='ltr'>verre</span> <span class='ocrx_word' id='word_1_27' title='bbox 226 989 379 1053; x_wconf 80' lang='lat' dir='ltr'>Eccleliee</span> <span class='ocrx_word' id='word_1_28' title='bbox 405 949 471 1052; x_wconf 81' lang='lat' dir='ltr'>iirie</span> <span class='ocrx_word' id='word_1_29' title='bbox 491 988 603 1065; x_wconf 77' lang='lat' dir='ltr'>atette,</span> <span class='ocrx_word' id='word_1_30' title='bbox 638 1010 709 1051; x_wconf 89' lang='lat' dir='ltr'>cum</span> <span class='ocrx_word' id='word_1_31' title='bbox 732 987 894 1051; x_wconf 81' lang='lat' dir='ltr'>doctrinae</span> <span class='ocrx_word' id='word_1_32' title='bbox 911 989 1076 1066; x_wconf 81' lang='lat' dir='ltr'>Eccleliee,</span> 
     </span>
    </p>

    <p class='ocr_par' dir='ltr' id='par_1_5' title="bbox 59 1073 1207 1323">
     <span class='ocr_line' id='line_1_6' title="bbox 61 1073 1126 1165; baseline -0.003 -26"><span class='ocrx_word' id='word_1_33' title='bbox 61 1099 142 1165; x_wconf 67' lang='lat' dir='ltr'>quie</span> <span class='ocrx_word' id='word_1_34' title='bbox 165 1079 204 1140; x_wconf 84' lang='lat' dir='ltr'>eb</span> <span class='ocrx_word' id='word_1_35' title='bbox 224 1076 376 1160; x_wconf 69' lang='lat' dir='ltr'>apostolis</span> <span class='ocrx_word' id='word_1_36' title='bbox 397 1075 435 1137; x_wconf 82' lang='lat' dir='ltr'>ud</span> <span class='ocrx_word' id='word_1_37' title='bbox 464 1075 544 1137; x_wconf 86' lang='lat' dir='ltr'>hunc</span> <span class='ocrx_word' id='word_1_38' title='bbox 567 1074 652 1136; x_wconf 86' lang='lat' dir='ltr'>diem</span> <span class='ocrx_word' id='word_1_39' title='bbox 674 1073 852 1158; x_wconf 77' lang='lat' dir='ltr'>praedicatu</span> <span class='ocrx_word' id='word_1_40' title='bbox 876 1074 935 1151; x_wconf 84' lang='lat' dir='ltr'>est,</span> <span class='ocrx_word' id='word_1_41' title='bbox 958 1074 1078 1136; x_wconf 78' lang='lat' dir='ltr'>edver-</span> <span class='ocrx_word' id='word_1_42' title='bbox 1117 1111 1126 1125; x_wconf 58' lang='grc' dir='ltr'>ι</span> 
     </span>
     <span class='ocr_line' id='line_1_7' title="bbox 60 1158 1207 1245; baseline -0.004 -18"><span class='ocrx_word' id='word_1_43' title='bbox 60 1172 182 1228; x_wconf 72' lang='lat' dir='ltr'>lentur.</span> <span class='ocrx_word' id='word_1_44' title='bbox 225 1158 352 1244; x_wconf 70' lang='lat' dir='ltr'>Quare,</span> <span class='ocrx_word' id='word_1_45' title='bbox 380 1171 415 1222; x_wconf 82' lang='lat' dir='ltr'>ut</span> <span class='ocrx_word' id='word_1_46' title='bbox 436 1181 548 1222; x_wconf 80' lang='lat' dir='ltr'>omnes</span> <span class='ocrx_word' id='word_1_47' title='bbox 565 1159 801 1238; x_wconf 74' lang='lat' dir='ltr'>intelligerent,</span> <span class='ocrx_word' id='word_1_48' title='bbox 821 1182 973 1245; x_wconf 72' lang='lat' dir='ltr'>quaenam</span> <span class='ocrx_word' id='word_1_49' title='bbox 997 1158 1073 1222; x_wconf 80' lang='lat' dir='ltr'>ellel</span> <span class='ocrx_word' id='word_1_50' title='bbox 1198 1194 1207 1203; x_wconf 84' lang='lat'><em>.</em></span> 
     </span>
     <span class='ocr_line' id='line_1_8' title="bbox 59 1243 1081 1323; baseline -0.006 -11"><span class='ocrx_word' id='word_1_51' title='bbox 59 1248 198 1312; x_wconf 75' lang='lat' dir='ltr'>Ecctette</span> <span class='ocrx_word' id='word_1_52' title='bbox 231 1248 405 1321; x_wconf 74' lang='lat' dir='ltr'>catholice,</span> <span class='ocrx_word' id='word_1_53' title='bbox 430 1243 541 1309; x_wconf 71' lang='lat' dir='ltr'>Petrus</span> <span class='ocrx_word' id='word_1_54' title='bbox 562 1246 595 1306; x_wconf 93' lang='lat' dir='ltr'>in</span> <span class='ocrx_word' id='word_1_55' title='bbox 618 1245 773 1323; x_wconf 85' lang='lat' dir='ltr'>Symbolu</span> <span class='ocrx_word' id='word_1_56' title='bbox 791 1248 821 1323; x_wconf 76' lang='lat'>5)</span> <span class='ocrx_word' id='word_1_57' title='bbox 845 1246 925 1307; x_wconf 89' lang='lat' dir='ltr'>illud</span> <span class='ocrx_word' id='word_1_58' title='bbox 948 1245 1081 1308; x_wconf 83' lang='lat' dir='ltr'>divini·&#39;</span> 
     </span>
    </p>

    <p class='ocr_par' dir='ltr' id='par_1_6' title="bbox 58 1328 1182 1758">
     <span class='ocr_line' id='line_1_9' title="bbox 58 1328 1151 1414; baseline -0.005 -16"><span class='ocrx_word' id='word_1_59' title='bbox 58 1346 113 1398; x_wconf 78' lang='lat' dir='ltr'>tus</span> <span class='ocrx_word' id='word_1_60' title='bbox 135 1331 338 1409; x_wconf 73' lang='lat' dir='ltr'>addiderunt,</span> <span class='ocrx_word' id='word_1_61' title='bbox 359 1352 604 1396; x_wconf 71' lang='lat' dir='ltr'>trost-ontulit.</span> <span class='ocrx_word' id='word_1_62' title='bbox 634 1328 764 1393; x_wconf 85' lang='lat' dir='ltr'>Etenim</span> <span class='ocrx_word' id='word_1_63' title='bbox 786 1330 918 1414; x_wconf 78' lang='lat' dir='ltr'>spiritus</span> <span class='ocrx_word' id='word_1_64' title='bbox 939 1334 1151 1408; x_wconf 59' lang='lat' dir='ltr'>fructuum</span> 
     </span>
     <span class='ocr_line' id='line_1_10' title="bbox 60 1415 1073 1507; baseline -0.005 -25"><span class='ocrx_word' id='word_1_65' title='bbox 60 1417 286 1507; x_wconf 78' lang='lat' dir='ltr'>quiEcclefiae</span> <span class='ocrx_word' id='word_1_66' title='bbox 298 1417 470 1503; x_wconf 77' lang='lat' dir='ltr'>praefidet,</span> <span class='ocrx_word' id='word_1_67' title='bbox 492 1437 562 1479; x_wconf 79' lang='lat' dir='ltr'>eam</span> <span class='ocrx_word' id='word_1_68' title='bbox 585 1439 650 1478; x_wconf 90' lang='lat' dir='ltr'>nun</span> <span class='ocrx_word' id='word_1_69' title='bbox 673 1437 730 1500; x_wconf 87' lang='lat' dir='ltr'>per</span> <span class='ocrx_word' id='word_1_70' title='bbox 750 1415 835 1477; x_wconf 83' lang='lat' dir='ltr'>eliud</span> <span class='ocrx_word' id='word_1_71' title='bbox 851 1437 951 1494; x_wconf 80' lang='lat' dir='ltr'>genus</span> <span class='ocrx_word' id='word_1_72' title='bbox 972 1418 1073 1478; x_wconf 85' lang='lat' dir='ltr'>mini-</span> 
     </span>
     <span class='ocr_line' id='line_1_11' title="bbox 60 1499 1182 1591; baseline -0.006 -23"><span class='ocrx_word' id='word_1_73' title='bbox 60 1509 212 1581; x_wconf 82' lang='lat' dir='ltr'>ltrururn,</span> <span class='ocrx_word' id='word_1_74' title='bbox 233 1524 327 1591; x_wconf 79' lang='lat' dir='ltr'>quum</span> <span class='ocrx_word' id='word_1_75' title='bbox 345 1523 404 1588; x_wconf 85' lang='lat' dir='ltr'>per</span> <span class='ocrx_word' id='word_1_76' title='bbox 424 1500 638 1587; x_wconf 69' lang='lat' dir='ltr'>apostolieum,</span> <span class='ocrx_word' id='word_1_77' title='bbox 660 1501 821 1577; x_wconf 79' lang='lat' dir='ltr'>gubernet.</span> <span class='ocrx_word' id='word_1_78' title='bbox 855 1499 924 1582; x_wconf 86' lang='lat' dir='ltr'>Qui</span> <span class='ocrx_word' id='word_1_79' title='bbox 944 1503 1073 1588; x_wconf 72' lang='lat' dir='ltr'>spiritur</span> <span class='ocrx_word' id='word_1_80' title='bbox 1179 1556 1182 1561; x_wconf 89' lang='lat'>.</span> 
     </span>
     <span class='ocr_line' id='line_1_12' title="bbox 59 1585 1071 1675; baseline -0.001 -24"><span class='ocrx_word' id='word_1_81' title='bbox 59 1595 204 1675; x_wconf 88' lang='lat' dir='ltr'>primum</span> <span class='ocrx_word' id='word_1_82' title='bbox 235 1589 365 1675; x_wconf 85' lang='lat' dir='ltr'>quidem</span> <span class='ocrx_word' id='word_1_83' title='bbox 397 1588 545 1672; x_wconf 71' lang='lat' dir='ltr'>apostulis</span> <span class='ocrx_word' id='word_1_84' title='bbox 581 1589 715 1648; x_wconf 80' lang='lat' dir='ltr'>tributus</span> <span class='ocrx_word' id='word_1_85' title='bbox 749 1585 808 1661; x_wconf 72' lang='lat' dir='ltr'>eti,</span> <span class='ocrx_word' id='word_1_86' title='bbox 841 1586 957 1649; x_wconf 88' lang='lat' dir='ltr'>deinde</span> <span class='ocrx_word' id='word_1_87' title='bbox 994 1609 1071 1650; x_wconf 86' lang='lat' dir='ltr'>vero</span> 
     </span>
     <span class='ocr_line' id='line_1_13' title="bbox 58 1668 1042 1758; baseline -0.007 -18"><span class='ocrx_word' id='word_1_88' title='bbox 58 1683 182 1740; x_wconf 74' lang='lat' dir='ltr'>l&#39;utumu</span> <span class='ocrx_word' id='word_1_89' title='bbox 202 1672 266 1738; x_wconf 89' lang='lat' dir='ltr'>Dei</span> <span class='ocrx_word' id='word_1_90' title='bbox 287 1674 482 1753; x_wconf 73' lang='lat' dir='ltr'>benignitate</span> <span class='ocrx_word' id='word_1_91' title='bbox 503 1678 627 1758; x_wconf 83' lang='lat' dir='ltr'>semper</span> <span class='ocrx_word' id='word_1_92' title='bbox 648 1672 684 1734; x_wconf 89' lang='lat' dir='ltr'>irr</span> <span class='ocrx_word' id='word_1_93' title='bbox 704 1668 839 1733; x_wconf 79' lang='lat' dir='ltr'>Eccleliu</span> <span class='ocrx_word' id='word_1_94' title='bbox 862 1672 985 1736; x_wconf 74' lang='lat' dir='ltr'>muniit.</span> <span class='ocrx_word' id='word_1_95' title='bbox 1006 1682 1042 1752; x_wconf 57' lang='lat' dir='ltr'>ff·</span> 
     </span>
    </p>
   </div>
   <div class='ocr_carea' id='block_1_4' title="bbox 60 1808 1111 1907">
    <p class='ocr_par' dir='ltr' id='par_1_7' title="bbox 60 1808 1111 1907">
     <span class='ocr_line' id='line_1_14' title="bbox 60 1808 1111 1907; baseline -0.003 -22"><span class='ocrx_word' id='word_1_96' title='bbox 60 1817 146 1907; x_wconf 83' lang='lat' dir='ltr'>[Qu.</span> <span class='ocrx_word' id='word_1_97' title='bbox 168 1827 221 1893; x_wconf 74' lang='lat'>15.</span> <span class='ocrx_word' id='word_1_98' title='bbox 262 1813 421 1902; x_wconf 83' lang='lat' dir='ltr'>Potestne</span> <span class='ocrx_word' id='word_1_99' title='bbox 457 1811 607 1903; x_wconf 73' lang='lat' dir='ltr'>Eccltfia</span> <span class='ocrx_word' id='word_1_100' title='bbox 644 1810 682 1876; x_wconf 83' lang='lat' dir='ltr'>in</span> <span class='ocrx_word' id='word_1_101' title='bbox 717 1808 809 1899; x_wconf 84' lang='lat' dir='ltr'>fidei</span> <span class='ocrx_word' id='word_1_102' title='bbox 838 1824 904 1881; x_wconf 79' lang='lat' dir='ltr'>aut</span> <span class='ocrx_word' id='word_1_103' title='bbox 941 1837 1072 1882; x_wconf 85' lang='lat' dir='ltr'>morum</span> <span class='ocrx_word' id='word_1_104' title='bbox 1106 1840 1111 1847; x_wconf 89' lang='lat'>·</span> 
     </span>
    </p>
   </div>
   <div class='ocr_carea' id='block_1_5' title="bbox 268 1896 682 1987">
    <p class='ocr_par' dir='ltr' id='par_1_8' title="bbox 268 1896 682 1987">
     <span class='ocr_line' id='line_1_15' title="bbox 268 1896 682 1987; baseline -0.01 -22"><span class='ocrx_word' id='word_1_105' title='bbox 268 1896 491 1987; x_wconf 73' lang='lat' dir='ltr'><em>dogmatibus</em></span> <span class='ocrx_word' id='word_1_106' title='bbox 513 1896 682 1986; x_wconf 74' lang='lat' dir='ltr'>errareP]</span> 
     </span>
    </p>
   </div>
   <div class='ocr_carea' id='block_1_6' title="bbox 57 2019 1183 2535">
    <p class='ocr_par' dir='ltr' id='par_1_9' title="bbox 57 2019 1183 2535">
     <span class='ocr_line' id='line_1_16' title="bbox 121 2019 1183 2108; baseline 0.002 -22"><span class='ocrx_word' id='word_1_107' title='bbox 121 2019 219 2086; x_wconf 71' lang='lat' dir='ltr'><strong>*sod*</strong></span> <span class='ocrx_word' id='word_1_108' title='bbox 238 2021 504 2108; x_wconf 73' lang='lat' dir='ltr'><strong>quemadmodum</strong></span> <span class='ocrx_word' id='word_1_109' title='bbox 530 2022 609 2085; x_wconf 80' lang='lat' dir='ltr'>haee</span> <span class='ocrx_word' id='word_1_110' title='bbox 636 2043 699 2086; x_wconf 84' lang='lat' dir='ltr'>une</span> <span class='ocrx_word' id='word_1_111' title='bbox 719 2019 854 2086; x_wconf 76' lang='lat' dir='ltr'>Ecclefie</span> <span class='ocrx_word' id='word_1_112' title='bbox 875 2043 981 2086; x_wconf 77' lang='lat' dir='ltr'>errare</span> <span class='ocrx_word' id='word_1_113' title='bbox 1002 2044 1070 2089; x_wconf 87' lang='lat' dir='ltr'>nou</span> <span class='ocrx_word' id='word_1_114' title='bbox 1175 2075 1183 2092; x_wconf 92' lang='lat'><strong>.</strong></span> 
     </span>
     <span class='ocr_line' id='line_1_17' title="bbox 58 2105 1164 2195; baseline 0.005 -27"><span class='ocrx_word' id='word_1_115' title='bbox 58 2106 164 2194; x_wconf 81' lang='lat' dir='ltr'>puteli</span> <span class='ocrx_word' id='word_1_116' title='bbox 186 2107 222 2170; x_wconf 92' lang='lat' dir='ltr'>iu</span> <span class='ocrx_word' id='word_1_117' title='bbox 241 2105 338 2183; x_wconf 82' lang='lat' dir='ltr'>fidei,</span> <span class='ocrx_word' id='word_1_118' title='bbox 365 2129 401 2177; x_wconf 75' lang='lat' dir='ltr'>ee</span> <span class='ocrx_word' id='word_1_119' title='bbox 432 2129 560 2171; x_wconf 89' lang='lat' dir='ltr'>morum</span> <span class='ocrx_word' id='word_1_120' title='bbox 587 2108 755 2195; x_wconf 75' lang='lat' dir='ltr'><strong>disciplina</strong></span> <span class='ocrx_word' id='word_1_121' title='bbox 788 2107 957 2186; x_wconf 71' lang='lat' dir='ltr'>trudendi,</span> <span class='ocrx_word' id='word_1_122' title='bbox 998 2130 1070 2173; x_wconf 86' lang='lat' dir='ltr'>cum</span> <span class='ocrx_word' id='word_1_123' title='bbox 1161 2173 1164 2179; x_wconf 83' lang='grc'>,</span> 
     </span>
     <span class='ocr_line' id='line_1_18' title="bbox 59 2192 1070 2280; baseline 0.002 -25"><span class='ocrx_word' id='word_1_124' title='bbox 59 2215 80 2255; x_wconf 84' lang='lat' dir='ltr'>tr</span> <span class='ocrx_word' id='word_1_125' title='bbox 104 2192 221 2280; x_wconf 77' lang='lat' dir='ltr'>spiritu</span> <span class='ocrx_word' id='word_1_126' title='bbox 242 2197 348 2256; x_wconf 75' lang='lat' dir='ltr'>iuncto</span> <span class='ocrx_word' id='word_1_127' title='bbox 377 2195 587 2272; x_wconf 76' lang='lat' dir='ltr'>gubernetur:</span> <span class='ocrx_word' id='word_1_128' title='bbox 621 2195 666 2257; x_wconf 84' lang='lat' dir='ltr'>ita</span> <span class='ocrx_word' id='word_1_129' title='bbox 688 2205 807 2257; x_wconf 78' lang='lat' dir='ltr'>ceterae</span> <span class='ocrx_word' id='word_1_130' title='bbox 830 2214 956 2269; x_wconf 81' lang='lat' dir='ltr'>omnes,</span> <span class='ocrx_word' id='word_1_131' title='bbox 990 2215 1070 2280; x_wconf 76' lang='lat' dir='ltr'>queo</span> 
     </span>
     <span class='ocr_line' id='line_1_19' title="bbox 57 2275 1069 2366; baseline 0.002 -26"><span class='ocrx_word' id='word_1_132' title='bbox 57 2280 119 2340; x_wconf 87' lang='lat' dir='ltr'>libi</span> <span class='ocrx_word' id='word_1_133' title='bbox 137 2275 293 2340; x_wconf 74' lang='lat' dir='ltr'>Eutettre</span> <span class='ocrx_word' id='word_1_134' title='bbox 314 2300 433 2342; x_wconf 88' lang='lat' dir='ltr'>nomen</span> <span class='ocrx_word' id='word_1_135' title='bbox 453 2289 620 2358; x_wconf 78' lang='lat' dir='ltr'>arrogent,</span> <span class='ocrx_word' id='word_1_136' title='bbox 648 2291 683 2341; x_wconf 90' lang='lat' dir='ltr'>ut</span> <span class='ocrx_word' id='word_1_137' title='bbox 704 2300 781 2366; x_wconf 72' lang='lat' dir='ltr'>quae</span> <span class='ocrx_word' id='word_1_138' title='bbox 803 2278 933 2341; x_wconf 78' lang='lat' dir='ltr'><strong>Diaboli</strong></span> <span class='ocrx_word' id='word_1_139' title='bbox 955 2281 1069 2366; x_wconf 81' lang='lat' dir='ltr'>spiritu</span> 
     </span>
     <span class='ocr_line' id='line_1_20' title="bbox 59 2362 1136 2451; baseline 0.004 -26"><span class='ocrx_word' id='word_1_140' title='bbox 59 2362 231 2439; x_wconf 78' lang='lat' dir='ltr'>ducentur,</span> <span class='ocrx_word' id='word_1_141' title='bbox 252 2364 287 2425; x_wconf 90' lang='lat' dir='ltr'>in</span> <span class='ocrx_word' id='word_1_142' title='bbox 307 2363 489 2440; x_wconf 78' lang='lat' dir='ltr'>doctrinae,</span> <span class='ocrx_word' id='word_1_143' title='bbox 522 2374 554 2427; x_wconf 89' lang='lat' dir='ltr'>et</span> <span class='ocrx_word' id='word_1_144' title='bbox 576 2386 705 2427; x_wconf 88' lang='lat' dir='ltr'>morum</span> <span class='ocrx_word' id='word_1_145' title='bbox 725 2365 995 2451; x_wconf 82' lang='lat' dir='ltr'>perniciufilfimie</span> <span class='ocrx_word' id='word_1_146' title='bbox 1016 2387 1070 2429; x_wconf 87' lang='lat' dir='ltr'>er·</span> <span class='ocrx_word' id='word_1_147' title='bbox 1131 2363 1136 2369; x_wconf 73' lang='grc'><em>’</em></span> 
     </span>
     <span class='ocr_line' id='line_1_21' title="bbox 59 2447 609 2535; baseline 0.002 -24"><span class='ocrx_word' id='word_1_148' title='bbox 59 2450 188 2513; x_wconf 75' lang='lat' dir='ltr'>ruribus</span> <span class='ocrx_word' id='word_1_149' title='bbox 209 2450 330 2513; x_wconf 76' lang='lat' dir='ltr'>verleri</span> <span class='ocrx_word' id='word_1_150' title='bbox 350 2447 473 2513; x_wconf 80' lang='lat' dir='ltr'>necelle</span> <span class='ocrx_word' id='word_1_151' title='bbox 493 2450 545 2513; x_wconf 81' lang='lat' dir='ltr'>est.</span> <span class='ocrx_word' id='word_1_152' title='bbox 565 2447 609 2535; x_wconf 85' lang='lat'>-}-</span> 
     </span>
    </p>
   </div>
   <div class='ocr_carea' id='block_1_7' title="bbox 59 2612 1150 2708">
    <p class='ocr_par' dir='ltr' id='par_1_10' title="bbox 59 2612 1150 2708">
     <span class='ocr_line' id='line_1_22' title="bbox 59 2612 1150 2708; baseline -0.002 -23"><span class='ocrx_word' id='word_1_153' title='bbox 59 2617 145 2708; x_wconf 85' lang='lat' dir='ltr'>[Qu.</span> <span class='ocrx_word' id='word_1_154' title='bbox 167 2624 220 2692; x_wconf 84' lang='lat'>16.</span> <span class='ocrx_word' id='word_1_155' title='bbox 265 2614 400 2700; x_wconf 71' lang='lat' dir='ltr'>Quibus</span> <span class='ocrx_word' id='word_1_156' title='bbox 417 2615 604 2706; x_wconf 83' lang='lat' dir='ltr'>praecipue</span> <span class='ocrx_word' id='word_1_157' title='bbox 616 2612 756 2706; x_wconf 75' lang='lat' dir='ltr'>figuris</span> <span class='ocrx_word' id='word_1_158' title='bbox 774 2614 899 2705; x_wconf 70' lang='lat' dir='ltr'>curisti</span> <span class='ocrx_word' id='word_1_159' title='bbox 918 2616 1069 2707; x_wconf 79' lang='lat' dir='ltr'>Ecclestu</span> <span class='ocrx_word' id='word_1_160' title='bbox 1144 2613 1150 2623; x_wconf 76' lang='grc'><em>’</em></span> 
     </span>
    </p>
   </div>
   <div class='ocr_carea' id='block_1_8' title="bbox 270 2702 1005 2792">
    <p class='ocr_par' dir='ltr' id='par_1_11' title="bbox 270 2702 1005 2792">
     <span class='ocr_line' id='line_1_23' title="bbox 270 2702 1005 2792; baseline 0.001 -25"><span class='ocrx_word' id='word_1_161' title='bbox 270 2704 308 2767; x_wconf 83' lang='lat' dir='ltr'>in</span> <span class='ocrx_word' id='word_1_162' title='bbox 328 2702 438 2768; x_wconf 78' lang='lat' dir='ltr'>veteri</span> <span class='ocrx_word' id='word_1_163' title='bbox 457 2702 658 2790; x_wconf 78' lang='lat' dir='ltr'>testamento</span> <span class='ocrx_word' id='word_1_164' title='bbox 680 2703 724 2792; x_wconf 82' lang='lat' dir='ltr'>est</span> <span class='ocrx_word' id='word_1_165' title='bbox 746 2702 1005 2787; x_wconf 76' lang='lat' dir='ltr'>adumbrataP]</span> 
     </span>
    </p>
   </div>
   <div class='ocr_carea' id='block_1_9' title="bbox 52 2817 1258 3935">
    <p class='ocr_par' dir='ltr' id='par_1_12' title="bbox 56 2817 1258 3167">
     <span class='ocr_line' id='line_1_24' title="bbox 121 2817 1258 2907; baseline 0.003 -23"><span class='ocrx_word' id='word_1_166' title='bbox 121 2817 223 2884; x_wconf 75' lang='lat' dir='ltr'>*sert*</span> <span class='ocrx_word' id='word_1_167' title='bbox 245 2821 396 2907; x_wconf 80' lang='lat' dir='ltr'>quonium</span> <span class='ocrx_word' id='word_1_168' title='bbox 417 2841 564 2900; x_wconf 76' lang='lat' dir='ltr'>magnam</span> <span class='ocrx_word' id='word_1_169' title='bbox 587 2823 656 2884; x_wconf 81' lang='lat' dir='ltr'>rim</span> <span class='ocrx_word' id='word_1_170' title='bbox 687 2823 805 2885; x_wconf 84' lang='lat' dir='ltr'>hebent</span> <span class='ocrx_word' id='word_1_171' title='bbox 829 2823 949 2903; x_wconf 76' lang='lat' dir='ltr'>figurae</span> <span class='ocrx_word' id='word_1_172' title='bbox 976 2831 1125 2886; x_wconf 82' lang='lat' dir='ltr'>rete-xx·</span> <span class='ocrx_word' id='word_1_173' title='bbox 1145 2836 1183 2887; x_wconf 64' lang='grc' dir='ltr'>19ι</span> <span class='ocrx_word' id='word_1_174' title='bbox 1248 2858 1258 2870; x_wconf 86' lang='grc'><em>·</em></span> 
     </span>
     <span class='ocr_line' id='line_1_25' title="bbox 56 2902 1068 2984; baseline 0.003 -16"><span class='ocrx_word' id='word_1_175' title='bbox 56 2902 105 2968; x_wconf 77' lang='lat' dir='ltr'>rie</span> <span class='ocrx_word' id='word_1_176' title='bbox 135 2904 313 2969; x_wconf 79' lang='lat' dir='ltr'>testamenti</span> <span class='ocrx_word' id='word_1_177' title='bbox 346 2904 385 2968; x_wconf 78' lang='lat' dir='ltr'>ad</span> <span class='ocrx_word' id='word_1_178' title='bbox 412 2909 599 2971; x_wconf 81' lang='lat' dir='ltr'>excitandos</span> <span class='ocrx_word' id='word_1_179' title='bbox 620 2907 764 2970; x_wconf 88' lang='lat' dir='ltr'>fidelium</span> <span class='ocrx_word' id='word_1_180' title='bbox 796 2910 937 2984; x_wconf 79' lang='lat' dir='ltr'>animos,</span> <span class='ocrx_word' id='word_1_181' title='bbox 969 2930 1068 2971; x_wconf 82' lang='lat' dir='ltr'>revo-</span> 
     </span>
     <span class='ocr_line' id='line_1_26' title="bbox 58 2988 1068 3079; baseline 0.002 -26"><span class='ocrx_word' id='word_1_182' title='bbox 58 2988 253 3077; x_wconf 68' lang='lat' dir='ltr'>candamque</span> <span class='ocrx_word' id='word_1_183' title='bbox 286 3012 392 3054; x_wconf 89' lang='lat' dir='ltr'>rerum</span> <span class='ocrx_word' id='word_1_184' title='bbox 424 2993 708 3079; x_wconf 83' lang='lat' dir='ltr'>pulclterrirrmrum</span> <span class='ocrx_word' id='word_1_185' title='bbox 735 2994 942 3068; x_wconf 81' lang='lat' dir='ltr'>memorium,</span> <span class='ocrx_word' id='word_1_186' title='bbox 982 2994 1068 3077; x_wconf 71' lang='lat' dir='ltr'>cujus</span> 
     </span>
     <span class='ocr_line' id='line_1_27' title="bbox 57 3075 1068 3167; baseline 0.004 -29"><span class='ocrx_word' id='word_1_187' title='bbox 57 3075 108 3138; x_wconf 84' lang='lat' dir='ltr'>rei</span> <span class='ocrx_word' id='word_1_188' title='bbox 131 3079 329 3162; x_wconf 84' lang='lat' dir='ltr'>petillimum</span> <span class='ocrx_word' id='word_1_189' title='bbox 350 3080 438 3140; x_wconf 86' lang='lat' dir='ltr'>ceule</span> <span class='ocrx_word' id='word_1_190' title='bbox 459 3079 591 3165; x_wconf 78' lang='lat' dir='ltr'>apostoli</span> <span class='ocrx_word' id='word_1_191' title='bbox 614 3079 665 3145; x_wconf 77' lang='lat' dir='ltr'>lrie</span> <span class='ocrx_word' id='word_1_192' title='bbox 683 3079 728 3142; x_wconf 80' lang='lat' dir='ltr'>uti</span> <span class='ocrx_word' id='word_1_193' title='bbox 758 3084 848 3154; x_wconf 77' lang='lat' dir='ltr'>lunt3</span> <span class='ocrx_word' id='word_1_194' title='bbox 878 3079 967 3141; x_wconf 85' lang='lat' dir='ltr'>illum</span> <span class='ocrx_word' id='word_1_195' title='bbox 988 3103 1068 3167; x_wconf 89' lang='lat' dir='ltr'>quo·</span> 
     </span>
    </p>

    <p class='ocr_par' dir='ltr' id='par_1_13' title="bbox 52 3160 1121 3935">
     <span class='ocr_line' id='line_1_28' title="bbox 82 3160 1121 3251; baseline 0.001 -29"><span class='ocrx_word' id='word_1_196' title='bbox 82 3181 121 3222; x_wconf 84' lang='lat' dir='ltr'>ue</span> <span class='ocrx_word' id='word_1_197' title='bbox 144 3160 309 3224; x_wconf 77' lang='lat' dir='ltr'>doetrinae</span> <span class='ocrx_word' id='word_1_198' title='bbox 339 3174 481 3247; x_wconf 84' lang='lat' dir='ltr'>purtem,</span> <span class='ocrx_word' id='word_1_199' title='bbox 515 3187 594 3251; x_wconf 84' lang='lat' dir='ltr'>quee</span> <span class='ocrx_word' id='word_1_200' title='bbox 615 3185 744 3245; x_wconf 82' lang='lat' dir='ltr'>mugnus</span> <span class='ocrx_word' id='word_1_201' title='bbox 774 3165 930 3227; x_wconf 78' lang='lat' dir='ltr'>utilitates</span> <span class='ocrx_word' id='word_1_202' title='bbox 962 3165 1067 3240; x_wconf 78' lang='lat' dir='ltr'>habet,</span> <span class='ocrx_word' id='word_1_203' title='bbox 1115 3215 1121 3223; x_wconf 87' lang='lat'>.</span> 
     </span>
     <span class='ocr_line' id='line_1_29' title="bbox 57 3181 1067 3333; baseline 0.006 -25"><span class='ocrx_word' id='word_1_204' title='bbox 57 3181 198 3309; x_wconf 72' lang='lat' dir='ltr'>i&#39;rruclri</span> <span class='ocrx_word' id='word_1_205' title='bbox 232 3268 299 3309; x_wconf 88' lang='lat' dir='ltr'>nou</span> <span class='ocrx_word' id='word_1_206' title='bbox 327 3249 595 3333; x_wconf 75' lang='lat' dir='ltr'>praetermittent.</span> <span class='ocrx_word' id='word_1_207' title='bbox 621 3248 661 3313; x_wconf 87' lang='lat' dir='ltr'>lu</span> <span class='ocrx_word' id='word_1_208' title='bbox 694 3251 748 3312; x_wconf 84' lang='lat' dir='ltr'>his</span> <span class='ocrx_word' id='word_1_209' title='bbox 780 3262 886 3314; x_wconf 81' lang='lat' dir='ltr'>eutem</span> <span class='ocrx_word' id='word_1_210' title='bbox 914 3250 1067 3314; x_wconf 82' lang='lat' dir='ltr'>ittuttrern</span> 
     </span>
     <span class='ocr_line' id='line_1_30' title="bbox 57 3330 1067 3421; baseline 0.006 -28"><span class='ocrx_word' id='word_1_211' title='bbox 57 3330 324 3413; x_wconf 75' lang='lat' dir='ltr'>iign&#39;ilicetionem</span> <span class='ocrx_word' id='word_1_212' title='bbox 346 3334 442 3396; x_wconf 87' lang='lat' dir='ltr'>hebet</span> <span class='ocrx_word' id='word_1_213' title='bbox 458 3337 489 3414; x_wconf 79' lang='lat'>⁸.)</span> <span class='ocrx_word' id='word_1_214' title='bbox 511 3357 581 3399; x_wconf 82' lang='lat' dir='ltr'>erce</span> <span class='ocrx_word' id='word_1_215' title='bbox 600 3334 686 3398; x_wconf 86' lang='lat' dir='ltr'>Noe:</span> <span class='ocrx_word' id='word_1_216' title='bbox 722 3357 801 3421; x_wconf 79' lang='lat' dir='ltr'>quae</span> <span class='ocrx_word' id='word_1_217' title='bbox 834 3338 875 3398; x_wconf 91' lang='lat' dir='ltr'>ob</span> <span class='ocrx_word' id='word_1_218' title='bbox 906 3357 975 3399; x_wconf 82' lang='lat' dir='ltr'>eum</span> <span class='ocrx_word' id='word_1_219' title='bbox 997 3358 1067 3399; x_wconf 87' lang='lat' dir='ltr'>rem</span> 
     </span>
     <span class='ocr_line' id='line_1_31' title="bbox 57 3415 1067 3502; baseline 0.007 -25"><span class='ocrx_word' id='word_1_220' title='bbox 57 3425 183 3480; x_wconf 78' lang='lat' dir='ltr'>tantum</span> <span class='ocrx_word' id='word_1_221' title='bbox 204 3415 318 3479; x_wconf 86' lang='lat' dir='ltr'>divino</span> <span class='ocrx_word' id='word_1_222' title='bbox 339 3417 420 3502; x_wconf 78' lang='lat' dir='ltr'>jullu</span> <span class='ocrx_word' id='word_1_223' title='bbox 441 3420 609 3483; x_wconf 79' lang='lat' dir='ltr'>constructa</span> <span class='ocrx_word' id='word_1_224' title='bbox 632 3422 689 3495; x_wconf 84' lang='lat' dir='ltr'>ell,</span> <span class='ocrx_word' id='word_1_225' title='bbox 714 3433 748 3482; x_wconf 90' lang='lat' dir='ltr'>ut</span> <span class='ocrx_word' id='word_1_226' title='bbox 770 3422 878 3484; x_wconf 83' lang='lat' dir='ltr'>nullus</span> <span class='ocrx_word' id='word_1_227' title='bbox 900 3420 1067 3484; x_wconf 79' lang='lat' dir='ltr'>dubitandi</span> 
     </span>
     <span class='ocr_line' id='line_1_32' title="bbox 56 3500 1066 3591; baseline 0.004 -29"><span class='ocrx_word' id='word_1_228' title='bbox 56 3500 149 3564; x_wconf 77' lang='lat' dir='ltr'>locus</span> <span class='ocrx_word' id='word_1_229' title='bbox 191 3502 273 3565; x_wconf 87' lang='lat' dir='ltr'>relin</span> <span class='ocrx_word' id='word_1_230' title='bbox 298 3515 406 3579; x_wconf 78' lang='lat' dir='ltr'>untur,</span> <span class='ocrx_word' id='word_1_231' title='bbox 448 3509 525 3591; x_wconf 90' lang='lat' dir='ltr'>quin</span> <span class='ocrx_word' id='word_1_232' title='bbox 555 3504 723 3569; x_wconf 84' lang='lat' dir='ltr'>Eccleliem</span> <span class='ocrx_word' id='word_1_233' title='bbox 759 3506 862 3589; x_wconf 86' lang='lat' dir='ltr'>ipl&#39;ern</span> <span class='ocrx_word' id='word_1_234' title='bbox 896 3507 1066 3585; x_wconf 76' lang='lat' dir='ltr'>fignifiret3</span> 
     </span>
     <span class='ocr_line' id='line_1_33' title="bbox 57 3523 1066 3677; baseline 0.007 -30"><span class='ocrx_word' id='word_1_235' title='bbox 57 3606 155 3673; x_wconf 79' lang='lat' dir='ltr'>quum</span> <span class='ocrx_word' id='word_1_236' title='bbox 168 3583 256 3649; x_wconf 71' lang='lat' dir='ltr'>Deus</span> <span class='ocrx_word' id='word_1_237' title='bbox 276 3523 317 3649; x_wconf 66' lang='lat' dir='ltr'>ic</span> <span class='ocrx_word' id='word_1_238' title='bbox 337 3587 505 3665; x_wconf 83' lang='lat' dir='ltr'>cunllituit,</span> <span class='ocrx_word' id='word_1_239' title='bbox 522 3602 567 3668; x_wconf 89' lang='lat' dir='ltr'>ut,</span> <span class='ocrx_word' id='word_1_240' title='bbox 589 3590 777 3677; x_wconf 84' lang='lat' dir='ltr'>quicumque</span> <span class='ocrx_word' id='word_1_241' title='bbox 799 3613 857 3676; x_wconf 88' lang='lat' dir='ltr'>per</span> <span class='ocrx_word' id='word_1_242' title='bbox 875 3591 1066 3674; x_wconf 80' lang='lat' dir='ltr'>baptismum</span> 
     </span>
     <span class='ocr_line' id='line_1_34' title="bbox 54 3671 1065 3762; baseline 0.007 -30"><span class='ocrx_word' id='word_1_243' title='bbox 54 3672 149 3734; x_wconf 75' lang='lat' dir='ltr'>illem</span> <span class='ocrx_word' id='word_1_244' title='bbox 172 3671 424 3755; x_wconf 74' lang='lat' dir='ltr'>ingrederentur,</span> <span class='ocrx_word' id='word_1_245' title='bbox 446 3678 484 3738; x_wconf 86' lang='lat' dir='ltr'>eb</span> <span class='ocrx_word' id='word_1_246' title='bbox 505 3678 595 3739; x_wconf 90' lang='lat' dir='ltr'>omni</span> <span class='ocrx_word' id='word_1_247' title='bbox 616 3677 734 3738; x_wconf 86' lang='lat' dir='ltr'>mortis</span> <span class='ocrx_word' id='word_1_248' title='bbox 755 3690 899 3738; x_wconf 84' lang='lat' dir='ltr'>ueternee</span> <span class='ocrx_word' id='word_1_249' title='bbox 924 3677 1065 3762; x_wconf 80' lang='lat' dir='ltr'>periculo</span> 
     </span>
     <span class='ocr_line' id='line_1_35' title="bbox 54 3753 1066 3848; baseline 0.006 -30"><span class='ocrx_word' id='word_1_250' title='bbox 54 3756 122 3819; x_wconf 88' lang='lat' dir='ltr'>tuti</span> <span class='ocrx_word' id='word_1_251' title='bbox 142 3753 206 3820; x_wconf 80' lang='lat' dir='ltr'>elle</span> <span class='ocrx_word' id='word_1_252' title='bbox 225 3755 371 3844; x_wconf 77' lang='lat' dir='ltr'>pollent3</span> <span class='ocrx_word' id='word_1_253' title='bbox 392 3759 447 3846; x_wconf 89' lang='lat' dir='ltr'>qui</span> <span class='ocrx_word' id='word_1_254' title='bbox 471 3783 546 3825; x_wconf 84' lang='lat' dir='ltr'>reru</span> <span class='ocrx_word' id='word_1_255' title='bbox 576 3773 667 3825; x_wconf 80' lang='lat' dir='ltr'>extre</span> <span class='ocrx_word' id='word_1_256' title='bbox 688 3763 778 3823; x_wconf 83' lang='lat' dir='ltr'>illem</span> <span class='ocrx_word' id='word_1_257' title='bbox 801 3759 917 3837; x_wconf 85' lang='lat' dir='ltr'>ell&#39;ent,</span> <span class='ocrx_word' id='word_1_258' title='bbox 953 3784 1066 3848; x_wconf 89' lang='lat' dir='ltr'>quem·</span> 
     </span>
     <span class='ocr_line' id='line_1_36' title="bbox 52 3841 1064 3935; baseline 0.006 -30"><span class='ocrx_word' id='word_1_259' title='bbox 52 3841 229 3906; x_wconf 74' lang='lat' dir='ltr'>admodum</span> <span class='ocrx_word' id='word_1_260' title='bbox 250 3843 293 3906; x_wconf 83' lang='lat' dir='ltr'>iie</span> <span class='ocrx_word' id='word_1_261' title='bbox 313 3849 444 3923; x_wconf 82' lang='lat' dir='ltr'>everrit,</span> <span class='ocrx_word' id='word_1_262' title='bbox 480 3848 598 3935; x_wconf 89' lang='lat' dir='ltr'>quiin</span> <span class='ocrx_word' id='word_1_263' title='bbox 631 3869 733 3911; x_wconf 79' lang='lat' dir='ltr'>ercam</span> <span class='ocrx_word' id='word_1_264' title='bbox 769 3843 816 3930; x_wconf 86' lang='lat'>¹⁹)</span> <span class='ocrx_word' id='word_1_265' title='bbox 848 3852 970 3934; x_wconf 85' lang='lat' dir='ltr'>recepti</span> <span class='ocrx_word' id='word_1_266' title='bbox 997 3869 1064 3911; x_wconf 87' lang='lat' dir='ltr'>non</span> 
     </span>
    </p>
   </div>
   <div class='ocr_carea' id='block_1_10' title="bbox 87 4078 932 4155">
    <p class='ocr_par' dir='ltr' id='par_1_14' title="bbox 87 4078 932 4155">
     <span class='ocr_line' id='line_1_37' title="bbox 87 4078 932 4155; baseline -0.004 -17"><span class='ocrx_word' id='word_1_267' title='bbox 87 4085 137 4150; x_wconf 83' lang='lat'>19)</span> <span class='ocrx_word' id='word_1_268' title='bbox 156 4101 246 4137; x_wconf 72' lang='lat' dir='ltr'>areum</span> <span class='ocrx_word' id='word_1_269' title='bbox 266 4081 348 4134; x_wconf 85' lang='lat' dir='ltr'>etium</span> <span class='ocrx_word' id='word_1_270' title='bbox 363 4081 465 4145; x_wconf 75' lang='lat' dir='ltr'>Aldd.,·</span> <span class='ocrx_word' id='word_1_271' title='bbox 482 4078 546 4152; x_wconf 84' lang='lat' dir='ltr'>sula</span> <span class='ocrx_word' id='word_1_272' title='bbox 564 4080 643 4134; x_wconf 81' lang='lat' dir='ltr'>clem.</span> <span class='ocrx_word' id='word_1_273' title='bbox 661 4097 738 4148; x_wconf 74' lang='lat' dir='ltr'>erce,</span> <span class='ocrx_word' id='word_1_274' title='bbox 755 4081 829 4155; x_wconf 80' lang='lat' dir='ltr'>quud</span> <span class='ocrx_word' id='word_1_275' title='bbox 844 4082 932 4152; x_wconf 72' lang='lat' dir='ltr'>rejeci.</span> 
     </span>
    </p>
   </div>
   <div class='ocr_carea' id='block_1_11' title="bbox 86 4187 1063 4401">
    <p class='ocr_par' dir='ltr' id='par_1_15' title="bbox 86 4187 1063 4401">
     <span class='ocr_line' id='line_1_38' title="bbox 87 4187 1063 4259; baseline 0 -15"><span class='ocrx_word' id='word_1_276' title='bbox 87 4189 126 4257; x_wconf 73' lang='lat' dir='ltr'>y)</span> <span class='ocrx_word' id='word_1_277' title='bbox 143 4187 240 4256; x_wconf 84' lang='lat' dir='ltr'><strong>Symb.</strong></span> <span class='ocrx_word' id='word_1_278' title='bbox 268 4191 331 4244; x_wconf 82' lang='lat' dir='ltr'><strong>Nic·</strong></span> <span class='ocrx_word' id='word_1_279' title='bbox 354 4197 419 4253; x_wconf 70' lang='lat'><strong>1109.</strong></span> <span class='ocrx_word' id='word_1_280' title='bbox 439 4215 473 4234; x_wconf 91' lang='lat'>·-</span> <span class='ocrx_word' id='word_1_281' title='bbox 515 4191 547 4259; x_wconf 82' lang='grc' dir='ltr'>ι)</span> <span class='ocrx_word' id='word_1_282' title='bbox 573 4189 683 4244; x_wconf 71' lang='lat' dir='ltr'>Primus</span> <span class='ocrx_word' id='word_1_283' title='bbox 704 4191 821 4244; x_wconf 84' lang='lat' dir='ltr'>Tertull.</span> <span class='ocrx_word' id='word_1_284' title='bbox 839 4191 874 4244; x_wconf 85' lang='lat' dir='ltr'>de</span> <span class='ocrx_word' id='word_1_285' title='bbox 903 4190 977 4259; x_wconf 79' lang='lat' dir='ltr'>bapt.</span> <span class='ocrx_word' id='word_1_286' title='bbox 998 4197 1063 4252; x_wconf 70' lang='lat' dir='ltr'>ult.</span> 
     </span>
     <span class='ocr_line' id='line_1_39' title="bbox 86 4260 1063 4330; baseline 0 -15"><span class='ocrx_word' id='word_1_287' title='bbox 86 4262 217 4328; x_wconf 70' lang='grc' dir='ltr'>(μ193.)</span> <span class='ocrx_word' id='word_1_288' title='bbox 237 4260 376 4315; x_wconf 77' lang='lat' dir='ltr'>ecclesium</span> <span class='ocrx_word' id='word_1_289' title='bbox 398 4281 462 4317; x_wconf 84' lang='lat' dir='ltr'>euru</span> <span class='ocrx_word' id='word_1_290' title='bbox 488 4281 549 4315; x_wconf 75' lang='lat' dir='ltr'>erre</span> <span class='ocrx_word' id='word_1_291' title='bbox 574 4273 722 4329; x_wconf 76' lang='lat' dir='ltr'>rumperet,</span> <span class='ocrx_word' id='word_1_292' title='bbox 751 4279 833 4330; x_wconf 84' lang='lat' dir='ltr'>quem</span> <span class='ocrx_word' id='word_1_293' title='bbox 854 4263 953 4316; x_wconf 82' lang='lat' dir='ltr'>deinde</span> <span class='ocrx_word' id='word_1_294' title='bbox 977 4261 1063 4316; x_wconf 81' lang='lat' dir='ltr'>secuti</span> 
     </span>
     <span class='ocr_line' id='line_1_40' title="bbox 87 4330 1062 4401; baseline 0.003 -18"><span class='ocrx_word' id='word_1_295' title='bbox 87 4330 176 4400; x_wconf 74' lang='lat' dir='ltr'>cypr.</span> <span class='ocrx_word' id='word_1_296' title='bbox 194 4334 229 4384; x_wconf 88' lang='lat' dir='ltr'>de</span> <span class='ocrx_word' id='word_1_297' title='bbox 250 4338 320 4387; x_wconf 89' lang='lat' dir='ltr'>unit.</span> <span class='ocrx_word' id='word_1_298' title='bbox 342 4335 409 4389; x_wconf 81' lang='lat' dir='ltr'>ecel.</span> <span class='ocrx_word' id='word_1_299' title='bbox 431 4337 475 4401; x_wconf 87' lang='lat' dir='ltr'>(p.</span> <span class='ocrx_word' id='word_1_300' title='bbox 488 4334 563 4399; x_wconf 71' lang='lat'>195.)</span> <span class='ocrx_word' id='word_1_301' title='bbox 582 4331 716 4399; x_wconf 72' lang='lat' dir='ltr'>chrysost.</span> <span class='ocrx_word' id='word_1_302' title='bbox 728 4331 806 4390; x_wconf 83' lang='lat' dir='ltr'>hou.</span> <span class='ocrx_word' id='word_1_303' title='bbox 819 4339 847 4396; x_wconf 88' lang='grc'>6.</span> <span class='ocrx_word' id='word_1_304' title='bbox 864 4338 894 4389; x_wconf 90' lang='lat' dir='ltr'>lu</span> <span class='ocrx_word' id='word_1_305' title='bbox 910 4334 1004 4389; x_wconf 77' lang='lat' dir='ltr'>Lezur.</span> <span class='ocrx_word' id='word_1_306' title='bbox 1033 4353 1062 4386; x_wconf 75' lang='lat' dir='ltr'>rr·</span> 
     </span>
    </p>
   </div>
   <div class='ocr_carea' id='block_1_12' title="bbox 85 4403 681 4479">
    <p class='ocr_par' dir='ltr' id='par_1_16' title="bbox 85 4403 681 4479">
     <span class='ocr_line' id='line_1_41' title="bbox 85 4403 681 4479; baseline 0.01 -25"><span class='ocrx_word' id='word_1_307' title='bbox 85 4407 117 4464; x_wconf 84' lang='grc'>’1.</span> <span class='ocrx_word' id='word_1_308' title='bbox 132 4409 171 4471; x_wconf 81' lang='lat' dir='ltr'>(p.</span> <span class='ocrx_word' id='word_1_309' title='bbox 181 4403 259 4479; x_wconf 78' lang='lat'>783)</span> <span class='ocrx_word' id='word_1_310' title='bbox 279 4405 391 4476; x_wconf 74' lang='lat' dir='ltr'>aliique.</span> <span class='ocrx_word' id='word_1_311' title='bbox 419 4405 463 4462; x_wconf 87' lang='lat' dir='ltr'>et.</span> <span class='ocrx_word' id='word_1_312' title='bbox 481 4407 583 4468; x_wconf 82' lang='lat' dir='ltr'>ss’etr·</span> <span class='ocrx_word' id='word_1_313' title='bbox 599 4410 626 4471; x_wconf 85' lang='lat'>3,</span> <span class='ocrx_word' id='word_1_314' title='bbox 643 4421 681 4463; x_wconf 68' lang='grc' dir='ltr'>ιο·</span> 
     </span>
    </p>
   </div>
   <div class='ocr_carea' id='block_1_13' title="bbox 0 0 1276 4898">
    <p class='ocr_par' dir='ltr' id='par_1_17' title="bbox 0 0 1276 4898">
     <span class='ocr_line' id='line_1_42' title="bbox 0 0 1276 4898; baseline 0 2"><span class='ocrx_word' id='word_1_315' title='bbox 0 0 1276 4898; x_wconf 95' lang='lat' dir='ltr'> </span> 
     </span>
    </p>
   </div>
  </div>
 </body>
</html>
