2542 4898
184 618 288 753 tuuc
370 654 650 733 caum-nom.
673 654 759 730 nr
807 656 866 729 oa
888 606 1078 753 symeon:

214 864 251 909 ce
272 841 418 909 motione
444 837 535 903 nibil
559 836 788 903 celerius-'olle
815 849 926 925 queat,
949 838 1229 927 orimncdmodum

213 942 324 1017 aperta
346 926 468 993 sanictos
486 920 680 1004 Augustinus
700 924 736 987 in
757 926 843 988 libro
875 922 1077 997 decivitate
1099 928 1165 993 Dei
1181 939 1228 1009 ⁰),

134 1050 138 1057 ·
208 1030 248 1079 et
276 1016 495 1091 Hieronymus
522 1011 561 1073 in
584 1006 702 1073 lsaiam
717 1014 772 1087 9),
804 1009 993 1074 docuerunt.
1055 1012 1168 1096 Qoere
1187 1020 1227 1077 ab

213 1098 373 1194 Apodolo
391 1096 513 1192 dictum
545 1094 606 1158 eli:
649 1092 681 1178 t)
713 1092 917 1241 Sontinoppr
937 1094 977 1158 in
1004 1094 1228 1182 infirmitate,

206 1177 1231 1355 1111111111..ἓ;;..ῐ;’ῖ.ῑῑ;1.·1.1·ε.;ῑπ;

215 1355 350 1417 omnino
370 1350 570 1432 subjiciatur,
590 1349 686 1436 eique
707 1350 838 1425 serviet,
858 1362 891 1414 et
909 1350 949 1413 ad
971 1363 1083 1417 notum
1104 1356 1226 1441 praello

165 1456 168 1461 ·
214 1442 294 1502 erit:
316 1436 402 1523 quud
423 1434 554 1498 axillis
575 1429 725 1520 Apostoli
744 1436 854 1499 vorbis
879 1436 1077 1502 ostenditur:
1107 1443 1140 1520 ⁸)
1164 1440 1238 1503 Sc·-

176 1540 180 1553 '
212 1520 393 1596 minetur,
428 1520 553 1611 inquit,
588 1539 713 1603 corpur
739 1516 911 1597 animate,
938 1516 1070 1609 jurget
1101 1544 1228 1609 corpur

211 1601 416 1695 spirituale..
454 1601 541 1667 Haec
562 1598 631 1666 sore
650 1609 722 1669 sunt
742 1603 912 1689 praecipua
936 1606 1055 1690 capita,
1086 1630 1168 1697 quae
1190 1614 1228 1672 in

209 1691 310 1773 -hcjuc
330 1687 457 1753 articuli
476 1688 697 1775 explicatione
719 1686 870 1753 tredendo
888 1703 995 1754 erunt.

210 1824 300 1913 [Qu.
326 1837 378 1899 1ο.
422 1822 533 1907 Quem
552 1820 722 1922 [ructum
748 1845 791 1889 cc
813 1826 929 1915 ¹tantis
960 1798 1229 1913 resurrectionis

423 1908 593 1996 myllcrrra
602 1904 734 1995 fideles
755 1902 950 1997 capienti]
1003 1976 1007 1995 ,

279 2016 340 2082 *Ut
369 2028 475 2081 autem
499 2014 612 2079 lidclas
639 2018 759 2094 sciam,
795 2038 892 2103 quern
921 2014 1062 2082 fructum
1090 2040 1135 2082 ex
1170 2030 1229 2096 tot,

107 2117 143 2161 1⁴·
151 2111 444 2189 xvttautorumqua
472 2102 693 2183 mysteriorum
725 2104 913 2183 cognitione
945 2124 1059 2190 capere
1088 2105 1229 2189 pollion

244 2191 361 2253 rituum
381 2189 540 2252 declarare
569 2187 749 2272 oportebit,
778 2192 935 2252 anaximes
966 2212 984 2252 a
1012 2191 1121 2252 nobis*
1141 2189 1230 2271 [Qui

217 2213 295 2339 baec
331 2274 395 2338 fida
431 2284 657 2358 perceperunt,
692 2276 852 2353 egregiam
885 2276 1003 2337 habent
1033 2276 1230 2338 occasionem

216 2361 374 2425 rneximas
404 2358 532 2440 agendi]
563 2351 633 2419 lle'o
666 2361 783 2436 gratias
814 2360 969 2439 *agerrdas
997 2358 1095 2434 else*‚
1123 2365 1149 2439 ⁸)
1172 2363 1229 2446 qui

215 2449 295 2509 haec
314 2445 509 2528 sapientibus
536 2442 757 2519 absconderit,
788 2457 819 2507 et
851 2446 1042 2508 revelaverit
1071 2449 1231 2531 parvulis.

126 2588 131 2598 .
218 2528 310 2613 Quot
330 2532 417 2593 enim
442 2529 523 2602 viri,
556 2530 607 2589 vel
630 2528 818 2612 prudentiae
838 2531 932 2593 laude
951 2530 1152 2615 praedantes,
1174 2536 1229 2595 vel

216 2610 369 2698 singulari
391 2612 535 2676 doctriria
555 2614 711 2696 praediti,
745 2615 780 2676 in
813 2615 872 2676 hac
902 2630 966 2678 tam
986 2628 1070 2677 certe
1088 2618 1229 2681 veritate

217 2702 417 2786 circipene
440 2695 582 2760 suerunt!
640 2696 737 2779 Quod
771 2700 870 2779 igitur
896 2702 991 2764 nobis
1020 2701 1077 2761 illa
1100 2700 1228 2784 petesc-

217 2788 320 2862 cerit‚
353 2786 467 2869 quibus
489 2782 527 2845 ad
551 2802 621 2843 eam
642 2784 889 2864 intelligentiam
911 2784 1073 2870 adspirare
1092 2809 1160 2849 non
1180 2789 1229 2848 li-

219 2874 317 2946 cebat,
338 2872 378 2932 etl
401 2868 483 2954 qood
507 2874 659 2930 l‘urmnarn
680 2871 747 2950 ejus
768 2872 1008 2949 benignitatem,
1028 2883 1061 2933 et
1081 2873 1227 2935 clemen-

217 2959 296 3019 tiam
317 2956 482 3040 perpetuis
509 2954 653 3014 laudibus
678 2956 886 3017 celebremus.
941 2955 1066 3018 Deinde
1094 2977 1227 3036 magnus

219 3042 318 3105 etiem
335 3041 395 3100 ille
416 3034 538 3099 fructus
558 3058 600 3098 ex
621 3038 714 3119 hujus
733 3042 863 3102 articuli
883 3042 1093 3103 meditatione
1111 3050 1226 3106 conse

220 3138 351 3212 quemi,
381 3123 466 3207 quod
488 3122 610 3183 scilicet
630 3123 665 3182 in
689 3144 800 3186 eorum
820 3139 945 3202 morte,
973 3128 1029 3212 qui
1047 3128 1143 3189 nobie
1165 3150 1226 3191 ne-

219 3209 425 3283 cessitudine,
468 3207 519 3266 vel
555 3207 779 3271 benevolentia
817 3212 974 3291 conjuncti
1004 3211 1091 3286 sont,
1128 3207 1225 3275 facile

219 3306 289 3357 tum
311 3294 413 3368 alios,
442 3302 512 3351 tum
532 3292 701 3373 nosipsos
724 3295 977 3357 consolabimur:
1008 3318 1071 3382 quo
1095 3299 1225 3381 quidem

217 3399 335 3461 genere
356 3375 588 3437 consolationis
602 3374 792 3460 Apollolum
815 3387 903 3443 usum
922 3380 985 3443 else
1005 3380 1132 3460 conllat,
1152 3405 1225 3445 cum

217 3463 257 3527 ad
279 3460 574 3525 Thessalonicenses
594 3466 618 3538 ¹)
639 3461 678 3524 de
699 3460 931 3528 dormientibus
956 3468 1117 3529 scriberet.
1161 3468 1226 3530 Sed

215 3549 254 3613 in
274 3548 423 3611 omnibus
448 3546 545 3607 etiem
572 3546 648 3607 aliis
668 3552 844 3623 aerumnis,
871 3561 904 3612 et
926 3552 961 3613 in
981 3551 1225 3629 calamitatibus,

214 3630 343 3709 suturae
364 3632 603 3693 resurrectionis
623 3633 777 3711 cogitatio
798 3640 950 3698 sommam
980 3638 1075 3699 nobis
1097 3638 1224 3699 doloris

209 3719 414 3785 levationem
437 3715 559 3789 asseret,
579 3717 845 3801 quamadmodum
862 3721 960 3782 sancti
980 3721 1041 3784 lob
1055 3727 1089 3799 ¹¹)
1109 3744 1224 3784 exeru-

116 3859 121 3875 ,
214 3805 274 3891 plo
297 3801 485 3887 didicimus,
515 3800 570 3885 qui
591 3823 652 3862 una
671 3802 730 3864 bac
751 3808 806 3888 spe
821 3806 971 3867 alllictom
982 3855 993 3884 ‚
1019 3818 1052 3869 et
1071 3829 1225 3870 moeren-

213 3902 282 3951 tem
300 3887 443 3949 enimum
465 3887 677 3964 sustentabat,
696 3884 767 3951 sore
787 3889 976 3975 aliquando,
1002 3905 1037 3954 ut
1060 3893 1095 3954 in
1117 3898 1225 3956 resur-

211 3972 356 4039 rectione
376 3969 543 4034 dominum
563 3968 667 4034 Deum
687 3975 777 4036 suurn
796 3978 1005 4060 conspiceret.
1055 3975 1225 4042 Praeterea

246 4188 279 4255 ο)
297 4188 371 4258 Aug.
390 4189 424 4242 ou
437 4192 491 4241 etv.
510 4188 562 4240 net
575 4188 653 4253 xm,
670 4194 713 4249 18·
729 4187 772 4256 (ρ.
781 4196 835 4251 256
851 4190 904 4260 tq.)
920 4193 986 4250 scs.
997 4199 1041 4256 18.
1059 4194 1224 4264 (emoto)

244 4287 281 4298 -
299 4260 335 4328 p)
347 4262 423 4312 Hier·
441 4263 472 4312 iu
486 4256 534 4312 tra.
548 4267 593 4319 40·
609 4258 657 4311 lib·
672 4267 715 4319 tt·
733 4261 775 4327 (n-
787 4270 840 4322 tot
855 4263 908 4331 sq.)
920 4290 951 4303 -·
969 4265 1002 4334 q)
1022 4267 1113 4325 teor.
1125 4277 1171 4328 15,
1187 4286 1227 4325 cs.

243 4356 278 4369 -
314 4330 343 4398 r)
362 4328 400 4385 ib.
424 4347 449 4382 r.
471 4344 510 4382 rr·
536 4358 573 4371 -
618 4330 764 4397 aJltatth.
786 4343 836 4400 11,
863 4350 953 4390 na.-
1007 4339 1173 4406 011¹th
1197 4350 1225 4406 4,

245 4396 347 4471 msqq.
364 4426 400 4443 -
434 4399 465 4468 u)
483 4396 714 4471 lob.19‚acsq.
