2542 4898
757 139 762 163 l

417 298 422 311 1
758 39 1216 316 u

730 322 735 341 l

283 590 372 683 Cep.
398 586 467 678 lx,
515 586 572 657 De
601 597 727 661 ocluvo
759 589 859 657 urlic.
1004 598 1076 671 187
1113 682 1117 691 ¹
1165 660 1169 706 ἦ
1207 594 1212 605 '

56 760 346 837 avuncunlum
370 771 577 852 virgineae)
610 767 652 831 de
665 765 799 854 (piritu
812 767 1076 857 sanctorunces
1134 764 1147 785 ι’
1193 778 1196 787 “

56 856 141 942 pill'e
163 856 312 936 legimus.
351 870 417 920 lum
444 877 520 918 vero
549 858 693 916 alanclo
715 855 838 917 loanne
859 855 895 916 ad
920 854 1075 920 Chrillum

55 943 286 1020 ulillimur:⁰)
321 943 382 1029 qni
409 962 470 1004 nos
498 938 638 1025 spiritu
667 937 788 1021 sancto
825 936 1005 1025 baptizatr
1041 965 1076 1005 ao

56 1029 211 1114 plurimis
248 1043 412 1110 praeluces
445 1029 520 1092 aliis
554 1027 587 1086 in
617 1025 698 1087 locis
729 1047 766 1088 ea
794 1044 864 1087 vox
894 1027 1073 1106 legentibus

56 1114 208 1177 occurrit.
230 1114 271 1193 ἦ·

58 1247 144 1336 [Qu.
165 1261 199 1323 3.
246 1247 365 1330 Quare
390 1245 516 1311 tertiae
545 1243 715 1332 personae
753 1226 961 1325 Trinitatis,
988 1267 1075 1331 per-a

67 1355 70 1359 ·
244 1331 326 1395 iude
353 1354 395 1394 ac
428 1331 514 1393 aliis
542 1327 696 1409 duabus,
734 1330 916 1417 proprium
952 1352 1072 1394 nomen

241 1438 308 1479 non
341 1414 386 1498 est
417 1412 636 1498 tribulumi]

118 1526 266 1592 *Verum
282 1550 376 1591 nemo
392 1529 504 1590 mirari
524 1529 637 1599 debet,
658 1528 770 1589 lerliae
793 1532 944 1610 personae
960 1549 1074 1610 quem-
1085 1545 1131 1589 111.
1146 1549 1170 1597 s.
1242 1594 1245 1599 ,

57 1612 230 1676 admodum
253 1618 398 1699 primae,
427 1625 460 1676 el
480 1614 652 1689 l'ecundae,
680 1613 848 1698 proprium
871 1636 988 1674 nomen
1013 1616 1075 1674 lri·

58 1702 169 1762 bulum
200 1720 266 1762 non
304 1698 379 1762 elle.
429 1703 519 1764 nam*
554 1696 688 1761 larunda
725 1703 857 1782 persona
893 1700 967 1760 ideo
994 1720 1075 1783 prov

56 1787 165 1870 prium
188 1805 306 1848 nomeu
329 1785 441 1856 habel,
459 1795 495 1845 el
516 1786 604 1852 filius
626 1783 760 1859 dicilur,
785 1785 859 1868 quie
880 1786 946 1865 ejus
968 1798 1073 1846 aeler-

56 1891 120 1932 uus
149 1882 281 1956 epatre
307 1880 397 1930 orlus
425 1869 761 1954 proprie'generalio
798 1881 944 1944 ecculm,
978 1881 1013 1930 ul
1036 1871 1072 1931 in

57 1957 278 2040 superioribus
299 1954 445 2016 articulis
468 1957 664 2041 explicatum
689 1952 739 2016 ell.
790 1957 835 2019 Ul
863 1955 961 2034 igilur
983 1965 1072 2016 oclus

56 2040 138 2115 ille,
166 2040 387 2118 generationis
412 2044 545 2103 nornine
575 2040 787 2120 lignificalur3
816 2040 860 2100 ila
894 2044 1074 2124 personam,

57 2145 140 2211 quae
167 2136 313 2201 emanat,
349 2146 407 2209 pro
436 2126 483 2187 rie
509 2127 613 2188 lilium
645 2126 860 2210 appellamus,
890 2137 940 2200 el,
973 2146 1072 2210 sque

56 2221 359 2296 eruanal,.pulre1n.
408 2146 498 2272 K'unc
527 2233 598 2272 cum
632 2213 744 2271 lectiae
770 2209 920 2294 personae
950 2212 1079 2294 produ-·

57 2296 162 2359 elioui
184 2297 353 2383 proprium
374 2316 492 2358 nomen
515 2296 697 2381 impofilum
719 2317 785 2356 non
807 2296 860 2370 lii,
891 2295 941 2358 l'ed
970 2297 1075 2380 lpira-

56 2383 125 2456 lio,
159 2395 193 2443 el
213 2379 371 2466 procellio
393 2383 593 2466 appellaui-3
626 2381 787 2466 loquitur,
823 2393 855 2441 ul
877 2383 973 2442 eliam
998 2404 1074 2466 per-

57 2471 152 2540 sona,
192 2487 270 2552 quae
297 2464 502 2550 producitur,
533 2471 588 2529 luo
621 2466 753 2527 nomine
776 2477 888 2527 careal.
942 2466 1074 2528 Nullum
1127 2460 1131 2466 ’

56 2564 162 2614 aulem
185 2553 354 2636 proprium
376 2573 496 2614 nomen
517 2554 584 2634 ejus
605 2551 763 2612 eiuaualio
785 2551 898 2612 hobel:
922 2563 1075 2636 propter-

56 2657 95 2700 ea
129 2637 215 2723 quod
237 2638 386 2712 nomina,
408 2658 487 2724 (puae
507 2635 577 2698 Deo
593 2639 791 2711 tribuualur,
814 2638 938 2697 erebus
959 2637 1073 2698 crealis

56 2723 199 2786 mutuari
227 2725 391 2803 cogimur:
433 2726 468 2784 in
497 2724 612 2808 quibus
646 2723 798 2806 quoniam
826 2722 947 2782 nullam
976 2724 1073 2786 aliam
1099 2770 1102 2779 .

55 2820 205 2882 nalurae,
233 2819 266 2869 el
286 2806 437 2870 ellenliae
459 2805 738 2870 communicandae
771 2809 945 2879 rationem,
979 2829 1072 2893 quam

55 2891 233 2974 generandi
255 2894 392 2968 virtute,
414 2893 628 2971 agnoscimus,
660 2894 699 2953 ob
724 2912 792 2953 cam
818 2898 937 2952 caulam
960 2895 1013 2963 fil,
1038 2905 1073 2954 ut

58 2981 238 3052 talionem,
269 2999 336 3063 qua
357 2983 389 3040 l'e
411 2981 515 3064 ipsum
544 2990 648 3038 lulum
676 2975 763 3037 Deus
787 2974 821 3039 ai
841 2981 960 3041 amoris
982 3000 1073 3040 coin-

56 3065 217 3137 munical,
255 3065 387 3146 proprio
417 3065 571 3125 vocabulo
601 3065 782 3146 exprimere
812 3084 877 3123 non
907 3062 1072 3146 pellimus.

58 3146 169 3231 Quare
190 3149 353 3209 cumruuni
382 3170 538 3211 sarsurus
561 3168 677 3210 sineri
711 3149 843 3208 nomine
873 3152 966 3209 lerlia
996 3170 1073 3233 per·

57 3244 133 3297 lona
164 3236 324 3318 appellata
355 3235 405 3295 eli.
441 3234 524 3320 quod
554 3233 683 3319 quidem
707 3233 760 3292 illi
784 3233 923 3295 maxime
951 3255 1073 3295 couve-

57 3323 130 3382 uire
151 3341 194 3381 ex
218 3339 257 3379 eo
276 3319 507 3398 intelligimus,
530 3321 602 3403 quia
625 3319 822 3402 lpirilualem
845 3321 996 3381 vitaiuin
1011 3341 1072 3381 nos

56 3402 218 3478 infundit,
241 3423 275 3463 ac
302 3405 366 3464 line
387 3406 454 3485 ejus
474 3402 658 3467 lanclillimi
682 3403 823 3467 numinis
849 3405 954 3466 afflatu
985 3406 1073 3467 nihil
1181 3466 1186 3490 ,

56 3503 187 3552 aeterna
208 3489 274 3549 vila
297 3487 429 3567 dignum
461 3488 584 3552 efficere
606 3486 780 3573 pollemus.

59 3624 142 3710 [Qu.
163 3631 197 3696 4.
240 3624 299 3690 Λα
336 3627 493 3713 Spiritus
517 3627 661 3709 [ariolus
680 3627 830 3713 ejusdem
846 3627 1072 3693 onzuinocum

239 3710 350 3775 Putre
368 3723 401 3774 el
427 3713 520 3778 Filio
541 3712 587 3794 fit
608 3712 784 3798 poteritine
804 3721 837 3774 ct
854 3714 1048 3797 natiuue'l]

118 3822 290 3900 *Veserm*
320 3827 477 3909 explicata
510 3827 655 3887 vocabuli
676 3826 922 3903 lignificalione,
952 3827 1187 3908 docear-ru,4‚.

57 3907 114 3969 dus
138 3911 174 3969 in
197 3911 314 3994 priniis
338 3915 397 3971 eril
445 3915 577 3995 opulus,
602 3911 747 3997 l'pirilum
769 3916 1019 3999 lanclmnaeque
1036 3936 1071 3976 ec

57 4007 182 4077 patrem
206 4007 240 4055 el
273 3997 377 4058 filium
408 3933 510 4057 [lenm
536 3996 615 4069 elle,
637 3996 741 4058 eidem
766 3999 947 4082 aequalem,
972 4021 1069 4085 aeque
1110 4072 1112 4079 ⁴

58 4081 331 4163 uinrripolenlem,
367 4095 553 4155 aeleruum,
601 4093 633 4142 el
666 4082 811 4144 infinitae
851 4080 1071 4168 perlecliouia,

91 4304 336 4438 p)ib.31‚ps.ro.
362 4332 397 4349 ··
434 4297 463 4370 0¹)
482 4306 540 4360 loa.
560 4319 584 4375 1,
600 4325 636 4367 ss.
672 4307 811 4375 Malthss,
832 4331 867 4370 ll.
898 4310 1070 4375 Marc-m-
1115 4286 1120 4296 .

115 4396 158 4431 uc.
204 4396 267 4440 .s.

742 4610 877 4719 a·
