2542 4898
177 626 181 635 ·
307 616 396 715 ⁰⁸1>-
419 610 484 689 Ν.
534 612 595 686 ne
618 563 857 685 enormen:
981 568 1084 701 ¹en

62 818 151 891 quoe
169 806 265 863 unte·
286 796 454 876 diximus,
470 791 608 863 fructur.
671 772 785 876 ere'
802 789 1006 880 perspicuum
1033 780 1087 873 etl,

63 908 127 951 coe
146 890 180 951 le
203 886 371 959 maximis,
391 896 424 947 et
445 884 627 946 caelestibus
648 881 743 943 bonie
765 883 915 964 privare,
934 882 991 967 qui
1011 901 1086 945 oum
1114 890 1118 899 ’

63 973 108 1036 ed
142 974 292 1057 corporis
324 969 460 1034 Domini
501 974 729 1032 lucrementum
768 966 866 1027 etiem
895 964 1086 1031 sumendum

63 1061 173 1145 pereti
194 1056 257 1120 elle
279 1059 419 1142 possint,
447 1055 522 1118 letis
546 1055 663 1116 hebent
684 1049 798 1136 [piritu
821 1061 946 1117 tentum
965 1056 1086 1119 fuerim

64 1146 330 1208 communionem
352 1145 505 1227 accipere.
527 1138 572 1225 -Ι-
792 1158 797 1163 ·

64 1290 153 1379 [Qu.
173 1294 227 1364 42.
278 1288 441 1363 Ullumne
460 1287 618 1372 fructum
632 1288 847 1378 percipiunt,
868 1287 929 1378 qui
947 1310 1004 1353 cor
1028 1308 1085 1352 ore
1142 1330 1148 1341 -

264 1375 459 1546 Zmzpzetnpo
497 1398 631 1464 parum
672 1375 787 1441 nitido
823 1373 981 1446 Euclmri
1011 1376 1085 1438 inm

132 1573 320 1642 Declaratur
349 1577 463 1660 etiem}
491 1576 572 1641 *Sed
606 1577 668 1662 jem
705 1576 883 1644 docendum
914 1579 989 1659 effi,
1022 1588 1169 1668 queem·
1189 1582 1227 1627 ⁸⁸·

66 1660 196 1727 ratione
243 1676 424 1750 rueperetoe
445 1663 725 1728 fideliumenimoe
747 1664 810 1728 effe
831 1677 990 1752 oporteat,
1011 1679 1086 1733 ente

70 1768 168 1834 quem
189 1686 504 1814 adlecrmnentelem
526 1749 738 1813 Eucharistiae
761 1755 1003 1836 perceptionem
1025 1775 1086 1817 ve·
1158 1772 1160 1777 ·

69 1834 176 1899 nient.
223 1831 273 1898 Ac
296 1837 437 1920 primum
457 1834 586 1922 quidem
608 1848 642 1898 ut
664 1846 788 1920 petent,
823 1858 892 1901 eern
912 1844 1087 1924 praepera-

68 1921 198 1983 tionem
238 1923 380 1984 maxime
421 1921 625 1986 neoess'eriem
656 1921 738 2000 elie,
779 1921 958 1987 Solvetorie
988 1924 1088 1989 nostri

69 2007 260 2092 exemplum
288 2007 533 2092 proponendum
564 2008 615 2074 eli.
664 2006 745 2071 Nem
774 2020 848 2073 ente
875 2031 968 2097 quem
989 2006 1088 2097 Apo·

70 2091 162 2155 stelio
193 2092 326 2178 pretioli
351 2095 518 2178 corporis,
549 2106 582 2157 et
616 2092 781 2175 sanguinis
811 2094 863 2159 lui
895 2095 1089 2161 [acromonte

71 2176 182 2252 deret,
209 2181 243 2258 Ρ)
271 2179 418 2264 quemvis
449 2178 512 2258 jem
546 2178 659 2241 mundi
693 2178 813 2253 effent,
845 2180 942 2267 pedes
975 2202 1088 2247 eorum

70 2262 176 2339 levit3
213 2277 249 2327 ut
279 2265 452 2327 declareret
479 2287 608 2328 omnem
642 2263 846 2346 diligentiam
873 2267 1089 2331 adhibendum

72 2346 156 2425 ell'e,
187 2370 229 2412 ne
259 2349 334 2435 quid
364 2350 460 2414 nobie
488 2350 527 2414 nd
558 2355 711 2414 summum
740 2350 842 2413 enimi
862 2350 1089 2432 integritatem,

72 2446 106 2497 et
135 2434 354 2498 innocentium
384 2434 478 2510 defit,
518 2457 591 2500 cum
621 2434 704 2500 lucre
725 2435 871 2518 mysteria
905 2437 1089 2523 percepturi
1115 2490 1118 2495 .

72 2522 195 2583 lomus.
256 2519 384 2584 Deinde
414 2542 491 2583 vero
511 2521 624 2585 fideles
646 2521 846 2600 intelligent,
879 2523 1091 2608 quemadmo-

73 2602 168 2682 dum,
189 2604 213 2667 fi
235 2608 357 2692 optime
379 2606 509 2679 effecto,
535 2619 569 2670 et
589 2618 778 2692 preepereto
797 2606 906 2670 enimn
931 2606 1090 2670 Eucheri·
1137 2666 1142 2671 .

72 2688 163 2754 bium
184 2688 299 2776 eliquia
320 2696 433 2770 sumet,
456 2692 657 2778 emplilfimir
676 2691 813 2754 coelestis
834 2693 952 2772 gretiee
972 2713 1088 2756 mune·

73 2778 165 2840 ribus
186 2791 340 2854 ornetur3
370 2779 416 2840 ite
437 2790 564 2854 contre,
594 2779 813 2863 liirnperutue
833 2780 986 2864 accipiet,
1019 2774 1114 2843 non‘

74 2863 180 2926 folum
201 2864 288 2926 nibil
309 2864 489 2935 commodi,
518 2860 572 2927 led
594 2865 735 2926 inexime
757 2865 854 2926 etiarn
875 2863 1091 2942 incommode,

73 2958 110 3012 et
127 2946 320 3012 detrimenta
347 2971 421 3011 eum
442 2949 593 3036 accipere.
651 2945 792 3034 Optimis
812 2950 900 3013 enim
920 2953 1090 3025 rebue„et

73 3034 217 3099 maxime
239 3036 427 3099 salutaribus
456 3036 518 3098 boc
539 3035 709 3120 proprium
730 3034 788 3112 est,
818 3048 869 3112 ut,
902 3035 981 3098 liin
1003 3045 1090 3098 tern-

73 3142 156 3208 pore
177 3121 221 3184 iis
242 3134 383 3198 utemur,
403 3122 613 3184 vehementer
634 3120 775 3205 profint;
806 3122 853 3184 fin
875 3121 982 3185 elieno
1002 3131 1090 3184 tern-¹

73 3228 160 3292 pore
198 3206 427 3283 edlribeentur,
464 3207 659 3293 perniciem,
704 3217 737 3268 et
768 3207 905 3270 exitium
943 3207 1089 3269 efferent.

76 3288 188 3374 Quare
210 3292 390 3354 mirandum
412 3293 554 3365 nonest,
586 3288 730 3373 ingentia
758 3312 901 3378 quoque,
935 3303 967 3354 et
993 3312 1091 3377 pree·

75 3378 245 3441 clurillime
267 3377 329 3439 Dei
351 3378 455 3452 done,
485 3399 556 3442 cum
589 3380 669 3440 bene
689 3378 856 3439 constituto
876 3376 984 3441 enimo
1006 3377 1092 3439 ecci·

75 3463 228 3549 pientur,
263 3463 301 3524 ed
324 3464 483 3526 ceeleflem
505 3462 643 3546 glorium
673 3462 925 3548 consequendum
946 3463 1091 3526 meximo
1200 3502 1206 3517 ·

75 3548 174 3611 nobie
195 3548 376 3631 adjumento
400 3547 483 3621 effer
510 3560 543 3610 et
563 3568 659 3621 vero,
693 3568 764 3610 cum
783 3547 827 3609 iie
849 3567 909 3610 noe
930 3548 1019 3631 ipsos
1039 3547 1091 3611 iu-

76 3632 195 3719 dignoe
215 3636 418 3720 praebemus,
452 3634 677 3718 sempiternam
708 3643 843 3694 mortem
862 3633 987 3694 efferre.
1050 3629 1092 3697 ld

77 3741 160 3782 vero
188 3741 276 3782 ercee
298 3717 433 3781 Domini
460 3721 613 3803 exemplo
645 3720 881 3863 comprobetur.
907 3737 976 3779 erce
1001 3716 1092 3783 enim

76 3800 239 3882 foederis,
279 3826 339 3890 que
372 3804 458 3866 nibil
489 3803 694 3888 praestantius

78 3892 211 3966 hebuit,
243 3893 292 3951 cui
327 3890 423 3950 etiem
456 3911 513 3974 per
541 3891 632 3952 illem
652 3891 810 3965 mexime,
841 3900 873 3950 et
902 3888 1091 3952 innumere·

77 3980 159 4038 bilia
182 3976 333 4038 beneficio
356 3974 514 4037 Dominus
536 3976 705 4052 tribueret,
726 3996 744 4035 u
764 3974 964 4036 Philistheeie
988 3976 1090 4037 abluta

78 4070 113 4139 q)
135 4067 289 4127 seminem
313 4062 381 4122 illis
403 4059 535 4144 pellem,
568 4072 600 4124 et
628 4061 837 4124 celemitetem
866 4082 937 4123 cum
959 4071 1089 4123 aeterno

79 4149 237 4211 dedecore
263 4148 460 4229 conjunctam
486 4146 687 4233 importavit.
716 4147 765 4210 fic·
790 4148 888 4211 etiem
918 4146 999 4225 cibi,
1034 4145 1091 4232 qui

744 3802 917 3866 lreeliticue
950 3803 1091 3889 populun

78 4296 524 4313 W

117 4405 152 4475 μ)
171 4404 233 4459 tou.
252 4410 294 4465 re,
309 4419 323 4459 e
341 4399 400 4475 tm·
416 4424 450 4443 ··
486 4398 520 4467 n)
537 4406 554 4459 t
572 4399 642 4469 neg.
658 4402 685 4459 e.
