2542 4898
145 432 160 458 0

635 424 661 491 ᾖ

243 608 245 614 ⁴
302 552 391 708 (lap.
415 604 481 684 IV.
530 605 589 678 De
609 603 842 682 Euobmstiu·
999 613 1077 690 ³4⁵
1151 722 1158 733 ι

57 820 137 863 ruan
156 797 235 861 baca
263 793 305 858 da
333 793 378 859 iia
406 792 544 880 peccatis
561 791 788 874 'intelligenda
816 791 906 869 lunt,
939 812 1078 880 quoram

57 887 173 960 lenm,
186 877 236 946 'et
261 880 475 945 delectatione
495 880 623 942 animus
643 901 709 942 non
733 889 952 966 permovetur.
1016 878 1189 943 Illam-⁶³·

57 981 231 1058 praeterea
252 968 288 1030 io
310 968 405 1037 lac'ria
425 965 581 1046 mysteriis
601 965 654 1026 ria
677 965 796 1041 ell,1nt
813 986 875 1029 noa
893 984 911 1025 a
930 958 1081 1030 crimini·

58 1061 122 1119 bue
168 1073 262 1130 uros,
296 1065 329 1116 et
357 1054 519 1133 integros,
546 1062 640 1136 atqua
671 1072 689 1113 a
722 1051 933 1114 tentationum
954 1053 1081 1138 impetu

59 1077 244 1204 incoiirmea
265 1142 370 1200 fervet
383 1134 443 1210 4⁶),
465 1158 500 1198 ac
524 1148 683 1219 tamquam
707 1136 826 1199 caelelli
847 1135 1080 1205 medicamento

60 1227 204 1289 animam
224 1219 469 1310 praeparetffi),
500 1244 540 1284 na
574 1223 706 1303 alicujus
736 1218 922 1285 rnortilerae
949 1236 1082 1310 pertur-

60 1312 205 1375 bationia
224 1330 350 1372 nenena
376 1304 470 1371 facile
491 1306 597 1383 infici,
619 1330 653 1370 aa
678 1309 843 1394 corrumpi
865 1322 967 1394 queat.
1015 1307 1082 1372 At·

62 1419 128 1483 que
151 1399 190 1457 ob
212 1417 282 1457 eam
303 1397 400 1457 etiam
422 1394 553 1465 caulam,
576 1404 609 1455 ut
630 1393 754 1456 testatur
775 1393 869 1457 divus
889 1392 1082 1481 Cyprianus,

61 1487 99 1561 ο)
121 1503 191 1543 curn
209 1481 322 1542 olima
343 1480 487 1560 tyrannia
509 1479 621 1542 fideles
642 1478 681 1540 ad
702 1491 878 1557 tormenta,
901 1491 934 1543 at
952 1481 1081 1547 caedem

62 1578 200 1653 propter
220 1563 392 1628 Chrilliani
420 1565 564 1628 nominis
596 1559 826 1629 confeffionem
853 1567 952 1647 vulgo
984 1589 1081 1653 rape-

62 1666 196 1728 rentur}
226 1674 267 1714 ne
288 1650 341 1713 illi
361 1648 447 1713 forte
470 1651 619 1714 dolorum
647 1652 816 1715 acerbitate
832 1651 935 1730 ¹niati,
971 1651 1006 1715 in
1029 1658 1101 1733 la-,

62 1739 162 1800 lutari
183 1737 357 1800 cartamine
377 1737 568 1812 deficerent,
597 1748 690 1799 vetus
710 1737 745 1799 in
768 1736 902 1801 Ecclefia
923 1738 1081 1802 catholica
1135 1772 1137 1776 ⁴

61 1817 239 1899 incaluit,
271 1834 306 1884 ut
334 1823 382 1900 eia
411 1825 449 1884 ab
469 1820 638 1907 Episcopis
660 1822 826 1887 Dominici
846 1825 1013 1909 corporis,
1047 1835 1081 1887 et

60 1907 230 1987 sanguinis
251 1911 441 1972 sacramente
462 1909 699 1994 praeberentur.
759 1908 821 1972 Sed
855 1909 959 1972 carnia
981 1909 1137 1973 etiamn.

59 1993 235 2059 libidinem
247 1995 387 2071 cohibet,
407 2015 442 2056 ac
462 1994 621 2078 reprimit.
641 1993 716 2057 dum
730 1994 818 2058 enim
829 1993 994 2058 charitatis
1004 1994 1080 2076 igne
1151 2036 1157 2053 .

61 2081 191 2143 animoa
219 2080 323 2160 tnagis
352 2078 511 2156 incendit,
547 2081 822 2166 concupiscentiae
856 2079 1002 2144 ardorem
1024 2102 1081 2144 re-

61 2166 214 2245 llinguat,
248 2163 370 2228 nacell'e
391 2166 440 2230 eli.
462 2164 643 2240 Postremo,
676 2177 711 2228 ut
739 2190 804 2229 uno
838 2167 937 2229 verbo
969 2173 1193 2229 craneum-⁸⁴·
1239 2198 1243 2205 ·

61 2251 160 2332 hujus
179 2252 365 2314 sacramenti
388 2253 562 2329 utilitates,
579 2264 612 2315 et
633 2254 786 2314 beneficia
803 2252 1082 2337 comprehendan-

63 2347 138 2414 tur,
179 2335 350 2399 dicendum
374 2337 433 2411 eli,
466 2340 568 2400 sacrae
590 2336 804 2401 Eucharistiae
831 2343 986 2402 summam
1012 2338 1089 2411 nitar.

65 2420 132 2486 else
151 2419 191 2482 ad
213 2432 373 2485 aeternam
395 2422 533 2503 gloriam
563 2423 817 2508 comparandam.
853 2425 1006 2509 scriptum
1041 2423 1083 2486 est

62 2512 172 2571 enlm:
201 2501 235 2584 d)
259 2506 334 2588 Qui
369 2505 560 2570 manducat
586 2507 707 2572 'meam
734 2528 895 2586 caraem,
927 2517 962 2572 et
996 2503 1084 2572 bibit

62 2611 181 2658 mcum
210 2589 437 2679 (anguinum,
469 2589 571 2655 habet
597 2592 710 2656 vitam
730 2601 934 2657 aeternam:
964 2601 999 2656 et
1017 2611 1084 2677 ego

10 2746 13 2758 ¹
63 2672 278 2763 resuscitabo
307 2699 386 2741 eum
417 2676 455 2741 ia
477 2675 649 2763 aoviffimo
677 2675 744 2741 die.
806 2677 909 2759 Hujus
930 2676 1084 2741 videlicet

62 2763 252 2827 sacramenti
285 2764 386 2848 gratia
415 2762 546 2838 fideles,
589 2763 666 2824 dum
698 2763 781 2824 hanc
817 2764 918 2825 vitem
953 2761 1083 2842 degunt,
1127 2804 1134 2811 -

63 2851 188 2914 lamma
203 2849 416 2912 conscientiae
436 2868 523 2934 pace,
547 2858 579 2909 et
602 2848 836 2934 tranquillitate
858 2843 1083 2933 perfruuntur3
1119 2911 1121 2915 ,

64 2931 184 2997 deinde
211 2933 278 3013 ejus
307 2935 428 2996 virtute
455 2935 610 3008 recreati,
654 2956 720 2994 non
748 2938 835 2996 lacus
867 2944 961 3018 atque
983 2932 1085 3007 Elias,

65 3019 123 3104 qui
138 3022 168 3095 ⁴)
208 3013 414 3082 ubciaericii
438 3016 544 3102 partia
567 3014 778 3099 fortitudine
805 3015 1000 3082 ambulavit
1025 3039 1083 3081 ua·

64 3124 130 3188 que
148 3124 172 3165 α
214 3112 366 3166 montem
391 3100 461 3165 Dei
485 3099 620 3178 Horeb,
659 3127 730 3167 cum
753 3126 796 3168 ex
817 3109 883 3169 vita
903 3103 1084 3184 emigrandi

67 3201 196 3273 tempua
220 3187 362 3266 advenit,
382 3188 420 3249 ad
444 3200 605 3251 aeternam
626 3191 780 3270 gloriam,
801 3203 832 3253 et
853 3190 1084 3254 beatitudinem

65 3274 255 3337 adicendant
272 3273 330 3350 4⁷).
379 3273 465 3337 Haec
487 3277 594 3338 omnia
614 3296 632 3336 a
653 3275 830 3340 Palloribua
854 3276 999 3341 latiffime
1021 3298 1084 3338 ex·

67 3360 290 3450 plicabuntur,
312 3361 336 3421 li
357 3360 407 3422 vel
429 3358 472 3421 D.
491 3359 627 3423 Joannia
648 3385 713 3447 cap.
726 3369 757 3432 6.
778 3363 814 3425 in
832 3386 896 3450 quo
918 3363 1083 3444 multipli-

68 3466 122 3508 cea
149 3445 244 3527 hujus
277 3446 464 3509 sacramenti
492 3447 623 3509 effectus
651 3450 852 3532 aperiuntur,
884 3448 1084 3510 tractandum

47 3532 280 3616 ‘sumpseriut3
317 3533 370 3594 vel
404 3529 587 3596 admiranda
609 3530 725 3595 Chrifli
745 3531 872 3597 domini
903 3530 985 3595 secta
1006 3552 1085 3616 per·

67 3627 252 3685 currentes,
290 3614 510 3696 ostenderint,
538 3641 610 3681 cum
639 3639 696 3680 eoa
725 3619 792 3700 jure
813 3639 848 3680 ac
869 3620 985 3681 merito
1009 3620 1085 3680 bea-

68 3704 209 3766 tillimoa
233 3695 326 3766 suilla
349 3703 582 3781 exidimamus,
604 3704 638 3764 in
660 3725 794 3789 quorum
816 3715 897 3768 tecta
913 3701 940 3781 ί)
960 3713 1085 3764 morta-

66 3787 113 3851 lia·
149 3801 291 3874 recaptus
326 3789 382 3866 all,
415 3790 470 3852 vel
506 3789 563 3876 qui
582 3789 674 3852 illiue
708 3789 820 3868 vallia,
854 3787 1083 3853 nortimbriae

106 4011 158 4076 46)
181 4007 247 4066 Van]
260 4012 365 4084 fingul.
383 4032 471 4073 num.,
493 4013 597 4086 quiesi
614 4023 651 4065 ct.
668 4013 697 4064 in
713 4013 817 4070 ΑΜ,
842 4012 871 4065 in
885 4012 958 4084 plur.
976 4010 1085 4065 lervebt

104 4091 134 4131 et
148 4099 310 4150 praeparent
328 4085 460 4152 mutavit,
485 4085 515 4139 id
538 4084 611 4157 quud
626 4085 653 4137 b.
672 4084 692 4138 l.
709 4083 880 4154 neceffara'urn
897 4104 950 4137 non
967 4083 1084 4136 viderur.

104 4152 161 4203 Sed
177 4154 215 4225 cs.
233 4167 316 4207 antea
335 4177 380 4228 qu.
399 4164 442 4217 33·
464 4154 551 4229 ibique
568 4165 625 4208 not·
638 4164 727 4217 31.-
755 4160 802 4224 47)
819 4157 864 4208 Sic
875 4154 976 4213 Aldd„
993 4152 1084 4224 Lugd.

104 4235 133 4283 t·
154 4232 199 4291 9.,
216 4227 304 4286 Anto,
320 4238 348 4279 et
374 4228 471 4290 Clem.,·
490 4227 548 4283 rell.
565 4227 746 4294 adscendunt,
765 4226 836 4300 quod
851 4227 945 4298 aptiae
963 4225 1077 4286 videtur,
1156 4240 1161 4251 ¹

104 4321 137 4389 ο)
156 4322 592 4396 Cypr.ep.51.(p.77sq,)-
635 4323 667 4392 (l)
686 4324 748 4379 10⁸·
764 4331 791 4390 6,
806 4341 895 4383 aa-
938 4323 1083 4392 ejallcg.

104 4411 150 4470 19.
166 4417 226 4462 aa.
245 4425 279 4440 -
315 4398 461 4466 llbtatth.
477 4402 506 4460 82
524 4412 560 4456 n.
576 4405 604 4465 9,
623 4413 660 4456 ro·
694 4395 762 4456 Luc.
774 4405 819 4466 10,
834 4414 873 4458 ω.
890 4404 935 4463 19,
951 4393 1030 4465 ntqq.
1047 4392 1084 4453 at.
1125 4426 1128 4431 .
