2542 4898
172 690 177 703 ·
216 590 335 753 'Cup
362 654 425 729 lV.
476 615 663 729 Deiectio
687 608 916 757 praecepto!
1003 676 1078 757 509
1155 738 1158 745 .

62 842 202 920 religio,
222 860 303 929 quse
324 843 386 904 hoc
428 852 573 928 rrecepto
595 842 801 926 exprimitur,
821 864 839 906 n
861 855 990 909 neturee
1010 848 1077 930 jure

61 928 203 1005 annii,
234 950 304 990 turn
334 863 425 1003 inuri
439 940 551 990 nature
571 940 787 1012 comparatum
808 928 865 1004 fir,
897 943 932 993 ut
952 933 1077 1018 aliquot

62 1013 162 1075 horre
183 1012 219 1074 in
244 1013 304 1080 iis.
328 1036 407 1098 nune
426 1014 466 1075 ed
482 1012 544 1075 Dei
563 1014 682 1076 cultum
703 1016 884 1098 pertinent,
905 1022 1076 1080 versemur.

62 1099 153 1180 coj'ue
176 1100 222 1160 rei
245 1111 432 1177 argumento
455 1101 512 1175 ert,
549 1098 635 1184 quod
661 1099 743 1184 epod
775 1121 888 1162 omues
920 1105 1076 1181 nationes,

63 1184 155 1247 listas
176 1181 206 1263 9)
228 1184 380 1269 quasdem
400 1182 520 1257 feries,
549 1204 664 1270 eosque
687 1186 827 1269 publices
849 1182 942 1250 tuitre
965 1189 1076 1251 cerni·

64 1290 149 1344 runs,
170 1291 249 1356 quse
271 1272 365 1332 t'ncrie
386 1268 491 1345 rebus,
512 1292 545 1333 uc
568 1269 690 1333 divinis
704 1271 859 1333 obeundis
884 1284 974 1335 erent
996 1296 1076 1338 con-

63 1360 211 1418 secretae.
233 1356 372 1419 otientur
385 1357 528 1418 neturele
548 1356 684 1429 bomini,
700 1366 732 1417 ut
745 1359 772 1417 is
789 1357 1076 1444 certumquoddern

64 1452 195 1526 ternpus
211 1440 389 1503 neceil'uriis
403 1463 506 1504 rerum
518 1437 737 1503 functionibus
755 1441 818 1519 det,
842 1444 944 1506 veluti
956 1466 1077 1529 corpo-

64 1527 111 1588 ris
126 1527 242 1612 quieti,
257 1531 379 1601 somno,
400 1539 431 1588 et
444 1529 518 1588 eliis
531 1526 685 1607 ejusmodi
700 1529 801 1602 rebus,
816 1539 848 1589 ct
869 1530 1078 1615 quemadmo-

64 1611 141 1673 dum
164 1613 309 1696 corpori,
338 1615 380 1673 ite
404 1613 513 1675 endem
537 1624 667 1674 naturae
687 1614 809 1674 ratione
831 1608 947 1676 facturn
970 1615 1020 1687 est,
1042 1625 1078 1690 ut

64 1697 169 1759 menti
185 1697 306 1783 aliquid
335 1700 431 1760 etism
456 1699 613 1782 temporie
634 1696 835 1773 concederet,
870 1721 932 1785 quo
957 1699 993 1763 in
1014 1698 1078 1763 Dei

56 1785 338 1866 contemplatione
374 1789 438 1847 i'ei'e
476 1786 629 1846 reficeret.
667 1794 760 1868 etque
789 1785 835 1845 ite
868 1785 1076 1872 cumulique

30 1894 33 1899 ⁴
65 1872 224 1993 terrrporis
248 1888 319 1954 pers
341 1868 403 1932 elie
425 1869 554 1946 debent,
576 1890 641 1952 quo
665 1866 709 1946 10)
733 1889 784 1930 ree
806 1868 936 1933 divinoe
958 1872 1076 1935 coiun-

66 1964 118 2016 tur
159 1951 205 2032 1)‚
228 1956 392 2040 cultusque
415 1953 484 2017 Deo
507 1954 632 2017 debitus
654 1955 825 2032 tribuatur,
859 1955 921 2018 hoc
942 1954 1075 2019 innecti
1132 1975 1140 1995 ‘

64 2060 193 2102 rnorem
210 2056 373 2124 praecepte
389 2041 538 2124 pertinet.
557 2061 650 2127 quern
672 2042 713 2101 ob
728 2044 848 2102 causam
866 2036 1013 2128 Apostoli
1041 2044 1131 2118 P)xn.
1167 2058 1192 2092 ·-·

64 2146 108 2189 ex
131 2126 200 2187 illie
222 2130 342 2210 i'sptern
365 2126 476 2188 dicbus
497 2147 588 2200 eum,
609 2124 666 2213 qui
684 2124 808 2211 primus
830 2127 889 2200 eii,
925 2127 962 2189 ed
985 2128 1075 2190 divi·

63 2232 143 2274 num
171 2211 290 2274 cultum
320 2218 501 2274 consecrare
527 2212 714 2286 statuerunt,
746 2233 840 2295 quem
868 2210 1076 2277 Dominicum

64 2296 153 2359 diem
170 2293 215 2370 12)
248 2297 370 2359 dixere.
405 2319 477 2359 nem
507 2307 539 2359 et
565 2297 689 2359 [anctus
718 2295 857 2358 tuaunes
890 2300 925 2360 in
949 2296 1074 2384 Apocu-

62 2382 148 2467 typfi
173 2382 223 2461 1),
246 2381 412 2445 Dominici
433 2382 499 2446 dici
520 2382 687 2451 meminit:
709 2391 742 2443 et
763 2381 936 2465 Apoiiolns
964 2391 992 2459 ι)
1008 2403 1075 2468 per

62 2486 174 2530 unam
193 2463 347 2549 (abbati,
380 2489 459 2553 quoe
487 2466 527 2530 eii
558 2467 627 2531 dies
651 2464 860 2542 Dominicue‚
895 2480 929 2530 ut
949 2472 1075 2530 sanctus

62 2547 305 2632 Chryfobomus
335 2549 365 2634 ⁸)
389 2557 629 2638 interpretetur,
656 2553 805 2614 collectas
823 2552 894 2613 fieri
916 2554 1017 2635 jubet3
1040 2563 1074 2615 ut

62 2636 303 2718 intelligunms,
339 2641 398 2721 jum
436 2650 503 2702 turn
532 2637 567 2700 in
588 2636 722 2699 Ecclesia
752 2636 838 2701 diem
867 2635 1075 2702 Dominicum
1155 2660 1164 2675 ⁸

60 2724 204 2787 iunctum
229 2725 370 2785 habitum
393 2721 465 2785 ess'e.
526 2720 596 2785 Jenr
627 2743 726 2797 vero,
757 2722 1138 2800 ut·scient'fideles‚xn1.

60 2808 141 2897 quid
163 2831 201 2871 eo
225 2809 277 2871 die
300 2831 410 2888 agere,
432 2831 448 2868 a
470 2808 625 2894 quibusve
646 2809 824 2869 actionibus
844 2808 994 2871 nbiiinere
1015 2809 1074 2872 de-

61 2897 180 2967 bosun
200 2916 265 2957 non
282 2897 423 2956 alienum
437 2893 487 2969 eii,
510 2905 544 2955 nt
560 2893 721 2955 l'erochns
740 2903 842 2954 totum
862 2907 1075 2979 praeceptum,
1161 2914 1165 2921 ·

60 2980 150 3067 qood
174 2981 207 3042 in
230 2993 379 3067 quattuor
399 2990 506 3065 partes
531 2990 615 3042 recte
636 2978 777 3040 distribui
803 2976 918 3062 potest,
941 2978 981 3042 eti
1002 3000 1074 3044 ver·

52 3066 140 3129 ¹bnm
160 3066 331 3146 diiigenter
351 3066 588 3150 interpretetur.
603 3060 646 3148 -Ι-
913 3078 916 3083 “

60 3244 150 3328 [Qu.
171 3250 203 3312 5.
226 3240 343 3323 ,Quid
362 3240 416 3304 bie
449 3237 580 3319 verbis,
612 3239 785 3305 Memento
816 3251 857 3304 nt
878 3238 970 3304 diem
993 3236 1075 3326 [aba

246 3324 321 3388 tati
337 3323 546 3412 sanctifices,
564 3324 763 3412 generatim
775 3321 1074 3412 praescribitnrffl

129 3446 257 3533 *ltaque
276 3448 415 3531 primurn
438 3446 614 3527 generatim
636 3457 811 3531 proponet,
834 3446 909 3533 quid
934 3432 977 3508 iis
1000 3467 1140 3511 ver-xiv.
1167 3466 1191 3505 ε.

61 3536 114 3601 bie
135 3534 373 3620 praescribetur,
394 3554 577 3604 nuncupo,
597 3552 642 3595 uu
664 3554 751 3595 uren
773 3552 915 3596 sneunur
939 3554 1077 3594 enicur—

99 3848 131 3911 9)
149 3844 257 3899 stannes
269 3846 353 3916 Aug„
369 3848 491 3916 Mog.-
508 3846 555 3911 10)
572 3862 626 3915 qua
645 3843 717 3900 cord.
734 3872 770 3883 —
792 3847 839 3911 11)
851 3843 977 3896 colentur
993 3845 1075 3911 eard„
1102 3906 1104 3917 Ι

102 3919 183 3982 Vm,
201 3917 288 3989 Lugii.
307 3926 332 3976 2.
353 3944 383 3958 -
422 3917 468 3984 12)
487 3927 515 3969 et
533 3918 607 3971 diem
626 3918 709 3971 Dom.
726 3912 816 3971 Pate,
836 3916 901 3971 Vm.

101 4012 132 4076 n)
149 4009 246 4078 (eug.)
273 4014 302 4061 iu
322 4008 393 4075 Ann-
412 4006 462 4060 ser·
480 4012 541 4069 280·
559 4027 586 4062 u.
604 4017 630 4068 2.
648 4010 686 4077 (p.
700 4007 774 4073 aab)
799 4012 849 4076 qui
877 4004 913 4059 stt
940 4007 1019 4061 locu·
1039 4027 1073 4061 ex
1101 4050 1105 4058 .
1206 4018 1210 4025 ⁸

101 4081 214 4133 Aicuin.
227 4082 261 4133 de
279 4081 333 4134 div.
353 4077 399 4130 off.
419 4078 447 4132 C.
467 4087 510 4142 27.
529 4107 563 4119 -
606 4083 636 4148 q)
654 4081 740 4147 Apoc.
760 4089 784 4140 1,
803 4097 837 4134 ιο.
856 4103 890 4120 -
934 4079 958 4144 r)
978 4090 992 4139 1
1011 4080 1075 4133 cor„

100 4156 153 4215 16,
167 4167 188 4205 2.
212 4158 240 4190 -’
279 4155 303 4217 s)
322 4149 420 4216 Chrys.
437 4154 466 4202 in
484 4159 500 4210 1
519 4150 582 4204 Cor.
600 4152 654 4218 (16,
668 4152 707 4218 1.)
724 4150 800 4204 hom.
811 4156 854 4211 43.
873 4159 933 4210 u.1.
950 4150 988 4217 (p.
999 4151 1073 4217 400.)

100 4227 133 4275 it.
154 4220 226 4291 Aug.
246 4240 335 4275 enarr.
352 4226 381 4273 in
402 4220 494 4281 Pina.
513 4240 539 4277 u.
554 4229 581 4283 3.
600 4223 639 4290 (p.
657 4223 745 4286 751·);
769 4238 812 4274 en.
829 4226 858 4274 in
876 4220 919 4274 Pr.
933 4229 995 4281 150.
1012 4231 1073 4281 n.1.

100 4292 140 4358 (p.
161 4295 249 4357 1261.)
267 4292 384 4360 (Ambr.)
402 4299 548 4348 commin
567 4302 584 4356 1
600 4294 715 4360 Cor.16‚
729 4310 753 4352 2·
771 4293 809 4362 (p.
827 4292 900 4358 160)
914 4292 1073 4361 Theophyt.

101 4380 204 4419 comm.
221 4366 250 4419 iu
267 4365 349 4420 eund.
367 4367 420 4419 loc.
436 4363 474 4434 (p.
492 4367 566 4431 232.)
640 4408 641 4413 κ
