2542 4898
130 458 310 541 .t⁵.'

310 636 313 641 ·
412 488 475 607 Do
494 498 783 625 nidificatione.⁴
1037 596 1041 603 ,
1053 560 1107 638 37
1142 584 1146 591 .

77 688 83 701 ⁹
129 686 283 787 XXVI·
325 714 364 783 Si
390 674 464 807 qnia
497 719 639 801 dixerit,
675 715 773 800 iudos
802 744 871 791 non
897 724 1013 795 debere
1043 736 1106 820 pro
1212 730 1216 735 '

61 802 172 868 ¹Itor'tie
194 804 366 890 operibus,
393 828 475 892 quae
495 808 531 872 in
553 807 624 875 Deo
644 801 769 871 suerint
789 804 891 889 sacta,
911 822 1106 913 exspectare,

72 900 107 951 et
127 895 257 975 sperare
278 903 441 957 aeternam
461 895 711 956 retributionem
736 914 754 956 a
774 882 846 958 Deo
867 919 926 982 per
946 922 1017 967 eus
1037 909 1104 970 mi-

71 976 300 1053 sericordiam,
332 976 460 1043 ettam
482 976 597 1043 chriti
619 982 790 1053 meritum,
816 983 841 1043 tt
865 984 945 1048 bena
965 991 1102 1074 agendo,
1181 1004 1185 1009 '

70 1073 105 1124 et
126 1062 244 1125 divina
264 1062 414 1127 mandata
439 1064 642 1130 custodiendo
659 1061 691 1150 q)
718 1087 821 1154 nsque
846 1067 882 1132 in
905 1072 1004 1137 finem
1024 1098 1103 1162 per-

67 1148 309 1227 mactaverint,
337 1149 507 1215 anathema
527 1152 578 1214 Iit.
654 1202 657 1206 .
1098 1154 1102 1161 ’

136 1285 299 1353 XXVII.
352 1289 389 1355 Si
417 1290 495 1354 ¹uis
532 1289 671 1368 dixerit,
703 1292 831 1356 nullum
866 1291 929 1357 eise
963 1280 1119 1366 anortato'

71 1388 260 1459 peccatmn,
279 1374 341 1439 nitt
362 1311 589 1453 infidelitatis,
614 1389 668 1440 aut
688 1379 782 1442 nullo
802 1378 868 1441 aiio
891 1388 1100 1466 quantumvis
1228 1416 1234 1429 ’

65 1460 182 1539 gravi,
218 1474 252 1526 et
279 1464 424 1540 enormi,
458 1476 682 1550 praeterquam
711 1463 918 1527 infidelitatis
956 1484 1098 1554 peccato,

66 1546 171 1610 l’emel
199 1559 360 1634 acceptam
382 1546 519 1630 gratiam
540 1551 667 1629 amitti,
688 1550 858 1613 anathema
879 1552 929 1614 tit.

133 1684 314 1751 XXVIII.
357 1688 394 1752 si
425 1689 499 1777 quis
528 1687 670 1769 dixerit,
699 1688 810 1753 emilia
844 1712 902 1777 per
931 1706 1096 1777 peccatum

62 1775 189 1857 gratia,
207 1776 301 1839 limul
322 1784 355 1839 et
376 1773 476 1840 fidem
501 1780 627 1863 fempor
648 1779 773 1853 amitti,
794 1790 849 1839 aut
869 1777 984 1855 fidem,
1011 1802 1093 1866 qnae
1176 1802 1179 1807 ’

61 1871 231 1937 remanet,
260 1882 330 1939 nott
359 1858 423 1924 effe
445 1883 557 1926 veram
584 1862 702 1940 fidem,
733 1862 810 1924 licet
837 1882 905 1926 non
930 1864 968 1924 stt
1000 1870 1094 1946 viva3
1201 1868 1228 1897 ‘·

61 1956 118 2007 aut
138 1967 236 2024 eum,
257 1947 314 2033 qui
332 1945 430 2009 fidem
451 1948 517 2012 fine
538 1949 669 2011 caritate
690 1948 805 2025 habet,
826 1969 894 2011 non
910 1946 973 2012 effe
991 1949 1115 2015 Chri··
1197 2010 1203 2019 .

56 2028 222 2108 dianam,
244 2024 413 2095 anathema
439 2034 488 2095 fit.

123 2139 274 2221 XXIX.
317 2142 352 2206 Si
371 2146 444 2230 quis
459 2145 598 2220 dixerit,
620 2150 711 2223 euin,
734 2144 791 2234 qui
812 2146 879 2232 post
895 2146 1090 2234 baptismata

60 2225 174 2313 lapsus
200 2230 260 2303 eli,
288 2251 356 2292 non
377 2229 468 2314 polio
490 2254 549 2316 per
569 2229 633 2293 Dei
653 2231 790 2312 gratiam
818 2230 1002 2313 retiar‘gere3
1033 2245 1088 2296 aut
1243 2262 1255 2294 a

58 2313 151 2399 troffo
174 2316 324 2401 quidem,
356 2314 411 2378 l'ed
432 2316 500 2380 iola
526 2315 591 2380 fide
613 2316 757 2380 amiii'am
776 2310 929 2412 justitiam
951 2340 1088 2404 recupe-

56 2400 129 2463 rare
152 2399 221 2463 line
249 2406 445 2464 sacramento
476 2404 715 2486 poenitentiae,
751 2413 850 2488 prout
876 2407 982 2467 sancta
1012 2404 1085 2468 tto-

56 2505 151 2549 tnana
172 2498 208 2549 et
230 2486 424 2549 universalis
445 2487 573 2550 eccleiia
597 2485 756 2551 aChristo
774 2485 938 2566 Domino,
959 2501 992 2552 et
1013 2487 1085 2588 ejus

57 2568 226 2656 Apostolis
249 2572 378 2649 edocta,
412 2571 577 2660 hucusque
607 2569 748 2661 proseiia
776 2572 834 2651 est,
857 2575 1022 2655 servavit,
1050 2589 1085 2640 et

53 2656 187 2733 docuit3
213 2658 385 2720 anathema
404 2656 454 2720 Iit.

116 2765 250 2831 XXX.
292 2768 328 2831 Si
360 2769 433 2855 quis
467 2768 534 2854 post
562 2779 723 2852 acceptam
742 2762 977 2857 testificationis
1006 2792 1083 2851 gra-

52 2851 134 2918 tiam
157 2855 291 2917 cuilibet
321 2859 482 2939 peccatori
512 2855 697 2938 poenitenti
726 2852 773 2915 ita
798 2856 924 2940 cuipam
947 2858 1082 2935 remitti,

19 3014 22 3019 ¹
53 2952 88 3005 et
108 2952 236 3003 reatum
256 2950 404 3003 aeternae
432 2959 558 3026 poenae
588 2938 692 3002 deleri
722 2939 864 3001 dixerit:
902 2951 937 3002 ut
968 2942 1080 3005 trullae

53 3036 220 3090 remaneat
242 3037 348 3087 reatus
378 3046 503 3110 poenae
534 3023 725 3108 temporalis
758 3026 992 3102 exsolvendae,
1025 3028 1080 3091 vel

55 3112 90 3176 in
102 3114 170 3174 hoc
189 3111 334 3187 saeculo,
355 3113 410 3172 vel
429 3112 465 3173 in
485 3105 595 3172 futuro
617 3111 653 3171 in
673 3113 882 3195 purgatorio,
906 3122 1079 3197 antequam

57 3197 95 3262 ad
114 3218 216 3279 regna
245 3196 408 3261 caelorum
428 3194 535 3259 aditus
555 3205 665 3281 patere
687 3194 808 3280 poffit3
836 3198 1007 3295 anathema
1027 3188 1102 3265 tta-'³

115 3334 264 3402 XXXI.
307 3336 344 3401 Si
363 3336 436 3424 quia
455 3334 596 3415 dixerit,
617 3328 817 3427 justificatum
835 3358 983 3423 peccaro,
1001 3336 1080 3404 dum

10 3448 12 3473 =
58 3421 175 3489 intnitu
197 3436 344 3487 aeternae
364 3423 522 3487 mercedis
544 3424 626 3486 bene
650 3433 820 3508 operatm3
841 3425 1012 3488 anathema
1027 3425 1078 3489 tit.
1112 3512 1122 3535 .
1207 3440 1211 3451 ·

10 3566 13 3591 ¹
112 3560 278 3628 XXXII.
320 3562 357 3625 δί
384 3561 457 3650 quis
480 3561 621 3637 dixerit,
644 3560 790 3623 hominia
812 3556 970 3645 iustificati
991 3564 1076 3637 bone

10 3704 14 3719 .
60 3671 151 3735 opera
173 3650 219 3711 ita
240 3647 304 3713 effe
326 3648 411 3712 dona
428 3647 510 3726 Dei,
535 3659 571 3709 nt
591 3669 659 3710 non
679 3649 739 3709 tint
754 3648 851 3710 etiam
870 3650 953 3709 bona
974 3649 1074 3733 ipfina

62 3728 212 3799 'adificati
231 3735 366 3813 merita3
394 3745 449 3796 aut
474 3734 581 3818 ipsum
609 3727 810 3825 justificatum
836 3734 931 3795 bonis
962 3733 1076 3818 operi·

58 3755 129 3900 dne,
151 3841 233 3908 quae
252 3822 291 3881 ab
313 3842 352 3883 eo
378 3841 436 3906 per
460 3818 523 3881 Dei
544 3828 698 3899 gratiam,
720 3829 753 3882 et
773 3817 847 3881 Jesu
867 3795 983 3879 GhriIti
1003 3839 1077 3881 tne-

63 3909 170 3985 ritum,
203 3899 296 4002 cujus
324 3906 439 3968 vitam
471 3907 650 3968 membrum
680 3904 738 3981 eit,
766 3906 866 3978 fiunt,
895 3924 965 3971 non
999 3924 1076 3969 vere

63 3994 169 4057 tnereri
191 4005 398 4072 augmentum
420 3992 557 4071 gratiae,
586 3991 688 4052 vitam
715 3997 893 4066 aeternam,
921 4001 954 4051 et
975 3989 1075 4074 ipsine

63 4079 139 4143 ritae
160 4089 331 4155 aeternae,
360 4079 514 4140 dtamen
539 4077 576 4138 in
597 4076 698 4157 gratia
720 4073 900 4151 decefferit,
922 4083 1077 4137 contern-

64 4163 193 4242 tionem,
214 4176 312 4250 atque
329 4166 426 4226 otiam
443 4162 565 4245 gloriae
588 4171 813 4245 augmentum
837 4161 1007 4227 anathema
1027 4159 1077 4255 Iit.

91 4392 123 4463 q)
135 4395 243 4463 matth.
262 4398 313 4464 tt,
333 4410 369 4455 tt.
444 4356 448 4361 Ι
