2542 4898
166 376 176 397 ἱ
895 412 899 418 .

239 642 344 740 βαρ,
367 640 396 713 1.
447 639 508 711 Dc
525 640 684 712 Sacram.
707 644 747 714 iu
768 660 910 738 genere.
1007 656 1082 728 245

64 829 160 893 stram
180 824 216 889 in
240 823 411 890 hominum
431 826 601 908 conspectu
634 825 796 908 profiteri,
831 836 864 888 et
894 835 1005 890 notatu
1031 823 1084 890 ia·

64 935 140 976 cere
162 911 321 976 ridemur.
369 906 479 993 Quare
506 909 544 970 ad
567 911 756 993 baptismum
787 911 989 988 accedentes,
1023 933 1084 999 pa-

63 1001 133 1061 iarn
159 997 321 1072 testamur,
342 1016 404 1059 noa
426 994 572 1069 credere,
594 994 660 1076 ejus
680 1015 777 1080 aquae
803 998 938 1074 virtute,
967 1017 1027 1082 qua
1048 998 1084 1060 in

62 1085 260 1148 sacramento
282 1083 456 1154 abluimur,
485 1080 683 1164 spiritualem
714 1081 838 1143 animae
860 1089 1084 1167 purgationem

63 1171 152 1233 fieri.
194 1167 342 1247 iilagnarn
364 1164 480 1229 deinde
503 1166 570 1227 vim
594 1166 713 1227 habent
729 1171 919 1231 sacramenta
941 1190 1010 1230 non
1030 1172 1084 1229 io-

62 1257 138 1317 ]urn
159 1251 197 1314 ad
218 1253 316 1315 fidam
347 1253 383 1323 in
411 1251 528 1313 animis
557 1249 670 1312 nostris
691 1252 909 1330 excitandam,
935 1265 967 1315 ct
988 1272 1085 1315 exar-

64 1338 218 1412 cendam,
238 1337 291 1402 scd
313 1339 409 1400 etiam
426 1357 496 1398 eam
518 1335 704 1398 charitatem
727 1337 1003 1414 inflammantium,
1024 1357 1085 1425 qua

65 1444 177 1488 errrore
200 1425 286 1486 inter
306 1445 366 1485 nos
389 1422 550 1496 dabemnS,
573 1443 655 1496 curn,
678 1423 849 1485 arctii'limo
871 1446 932 1485 nos
953 1425 1085 1487 vinculo

65 1511 255 1588 colligatos,
285 1520 317 1570 at
335 1511 367 1585 a)
389 1508 482 1569 unius
511 1508 657 1590 corporis
684 1510 824 1570 mambra
852 1510 984 1571 effectos
1012 1507 1086 1584 eise,

68 1616 114 1659 ex
138 1600 297 1658 sacrorum
310 1592 533 1672 mysteriorum
563 1593 790 1654 communione
813 1595 1020 1671 recordamur
1030 1591 1086 1672 ¹²).
1156 1624 1160 1632 ⁴

66 1680 250 1758 Postremo,
278 1678 362 1765 quod
392 1680 428 1739 in
449 1673 642 1738 Christianae
671 1678 803 1761 pictatia
828 1678 927 1742 fludio
981 1678 1087 1744 iurinai

66 1765 252 1828 faciendum
286 1762 345 1840 est,
377 1763 535 1824 humanae
565 1760 685 1823 mentis
714 1765 893 1847 superbiam
967 1774 1088 1841 oncant,

55 1874 107 1914 ac
128 1852 355 1934 comprimunt,
376 1869 499 1932 nosque
522 1845 560 1906 ad
584 1847 800 1910 humilitatem
821 1861 988 1922 exercent;
1011 1849 1088 1913 dum

67 1936 272 2001 l'eniibilibua
295 1934 466 1997 elementis
494 1931 647 2012 subjicere
673 1953 734 1994 nos
764 1935 927 2013 cogimur,
960 1946 996 1998 ut
1015 1933 1087 1998 Deo

69 2026 348 2106 obtemperamus,
376 2039 478 2104 aquo
500 2030 590 2078 antea
611 2018 713 2101 impia
735 2014 967 2098 desereremus,
998 2032 1035 2082 ut
1058 2024 1088 2103 ¹)
1181 2025 1185 2039 ¹

68 2106 186 2170 mundi
207 2104 378 2168 elementis
400 2104 603 2165 serviremus.
663 2100 750 2164 naec
771 2109 861 2179 sunt,
882 2126 962 2191 quac
982 2106 1090 2191 potit-

70 2199 186 2255 limum
207 2192 247 2253 de
268 2190 456 2255 sacramenti
476 2188 625 2257 nornine,
645 2199 773 2267 natura,
795 2190 1027 2269 institutione,
1046 2192 1090 2255 fi-

71 2280 142 2342 deii
170 2278 293 2362 populo
320 2273 470 2336 tradenda
497 2272 560 2334 effa
583 2270 650 2334 visa
671 2276 760 2336 funt:
793 2296 871 2360 quaa
891 2276 1091 2363 posteaquam

69 2387 89 2428 a
116 2364 292 2427 Pastoribua
320 2368 462 2421 accurate
487 2358 628 2442 expolita
646 2351 785 2437 suerint,
805 2357 919 2424 docere
939 2361 1091 2453 deinceps

71 2449 256 2537 oportebit,
276 2446 389 2534 quibua
410 2465 453 2506 ex
473 2444 566 2504 rabna
590 2445 709 2521 lingula
729 2448 921 2508 sacramanta
941 2450 1092 2530 constent,

70 2530 266 2622 quaere15)
288 2532 348 2592 tint
367 2530 499 2590 iliorum
521 2538 644 2611 partes,
676 2549 710 2589 ac
738 2542 901 2615 praeterea
922 2534 979 2621 qui
999 2534 1092 2615 ritus,

71 2636 109 2686 ot
130 2619 344 2692 caerimoniae
365 2614 493 2676 additae
512 2614 582 2676 iilia
603 2608 740 2677 fuerint.
809 2620 812 2627 '

72 2792 160 2880 [Qu.
182 2805 214 2866 8.
260 2791 359 2872 Quae
374 2791 458 2875 funt
470 2800 589 2876 parter
606 2789 655 2853 od
675 2786 947 2878 constituendum
961 2810 1093 2853 unum-

257 2877 411 2963 quodque
430 2883 689 2939 sacramentnm
710 2873 967 2962 rrecqllarioai]

134 2994 279 3058 Primum
308 2998 440 3078 *igitur*
467 2995 693 3083 explicandum
721 2995 779 3074 et,
809 3016 880 3059 ram
900 2994 1200 3070 'ianfibilomattvna

73 3102 158 3169 quae
184 3082 277 3167 iupra
311 3084 347 3145 in
377 3084 563 3149 sacramenti
599 3082 788 3146 definitione
816 3083 916 3167 polita
939 3081 996 3159 en,
1026 3102 1094 3146 non

73 3190 177 3229 unam
214 3179 335 3230 tantum
367 3168 447 3239 etro,
483 3170 631 3254 quatruvio
667 3189 764 3231 unum
794 3167 917 3246 iignum
948 3165 1096 3230 constitui

74 3252 271 3315 credendum
293 3257 339 3314 fit.
387 3250 459 3315 Duo
489 3255 575 3315 enirn
604 3259 694 3331 sunt,
728 3274 771 3315 ax
792 3254 907 3338 quibus
928 3252 1096 3337 quodlibet
1176 3298 1179 3303 ,

74 3344 306 3401 sacramentum
330 3340 514 3401 conficitur:
546 3360 681 3423 quorum
711 3339 847 3400 alterurn
867 3331 1020 3402 inateriac
1041 3356 1096 3399 ra-

74 3426 203 3486 tionem
224 3425 336 3499 habet,
367 3436 460 3508 atqua
481 3425 676 3485 elementum
700 3421 834 3497 dicitnr,
865 3424 1000 3485 altarum
1016 3417 1097 3494 ¹for·-

73 3531 150 3572 anae
173 3511 262 3584 rim,
293 3520 325 3569 et
360 3511 492 3570 verbum
522 3508 689 3570 communi
715 3507 869 3569 vocabulo
899 3508 1095 3593 appellatur:

75 3598 121 3657 iio
141 3597 229 3656 eninr
256 3616 273 3654 a
299 3594 444 3655 Patribus
463 3594 652 3679 accepimus.
685 3614 745 3676 qua
773 3593 809 3653 in
833 3612 869 3654 re
900 3605 1015 3654 notum
1044 3591 1095 3670 est,

75 3693 175 3765 atquc
202 3678 287 3764 apud
318 3700 430 3742 omnes
472 3680 698 3763 pervulgatum
730 3676 812 3738 illud
845 3677 944 3739 sancti
976 3676 1096 3758 Augu·-

75 3767 152 3830 ffini
173 3765 396 3838 teit‘nnonium,
413 3766 440 3836 ⁸)
460 3761 614 3841 „Accedit
634 3765 767 3825 verbum
785 3761 824 3822 ad
839 3762 1042 3839 elementum,
1064 3773 1098 3825 et

74 3854 142 3930 „tit
162 3848 430 3921 sacramentnm?
475 3848 539 3913 Rei
567 3849 669 3930 igitur
697 3847 854 3913 sanfibilia
874 3849 1096 3919 nomine-,tum

115 4082 164 4148 12)
182 4079 284 4138 Aldu,
308 4077 404 4147 Lugd,
422 4086 476 4143 1.,-
491 4077 546 4132 cot.
564 4088 591 4138 1.
617 4087 661 4144 2·,
683 4078 782 4142 raon,
805 4082 874 4131 Lor.
891 4082 1098 4141 communione,
1111 4107 1114 4113 ,
1126 4107 1134 4125 a

117 4152 227 4236 record.
244 4180 279 4192 -
314 4152 368 4221 13)
385 4153 433 4201 Ita
454 4149 537 4201 etiarn
555 4149 660 4212 Alcida
681 4149 841 4219 solacium.
857 4167 1009 4241 quaeque,
1025 4149 1097 4223 qnod

110 4241 209 4293 repara·
238 4282 241 4286 Α
366 4263 376 4271 ·.
407 4266 410 4271 .
465 4266 467 4273 ,
778 4256 789 4279 .·

119 4343 309 4413 q)ib.1t‚⁵·
355 4340 567 4413 1cor'·ta,n.
587 4369 619 4389 -
663 4342 693 4413 r)
709 4340 874 4421 (ianm.
896 4368 932 4387 -
975 4331 1099 4415 anag.

120 4416 341 4479 autuman
360 4413 578 4485 u.a.(n·512·)
815 4422 819 4431 '
913 4428 916 4433 '
1025 4412 1037 4451 '¹
