2542 4898
349 593 435 690 Cep.
462 591 526 665 IV.
577 592 636 663 De
657 548 888 679 Eucherisliei
1048 610 1124 679 353

109 777 199 867 [Qu.
219 784 273 851 50.
319 774 419 843 Num
440 774 564 843 Loicr'e
584 774 648 859 sub
671 788 819 866 utraque
835 776 952 867 specie
972 748 1127 845 commu·-

239 904 243 911 -
312 859 505 935 nicandrum
523 860 621 948 ests]
1210 868 1214 883 '

177 978 276 1067 Quod
297 982 413 1045 *vero*
433 981 473 1044 ed
493 981 750 1045 communicandi
770 981 866 1045 ritum
889 982 1040 1067 pertinet,
1059 982 1198 1047 dom.
1231 999 1267 1044 et.

110 1082 205 1132 ceeut
226 1067 381 1143 l'erochi,
408 1066 529 1130 sunctae
550 1068 704 1130 Ecclesiae
733 1071 803 1148 lege
825 1069 1030 1131 interdictum
1051 1068 1125 1146 elle,

109 1175 154 1218 ne
178 1155 251 1240 quie
272 1154 338 1216 line
357 1152 455 1237 ipsiue
474 1151 629 1217 Ecclesiae
648 1155 853 1229 auctoritate,
874 1167 1003 1237 praeter
1021 1159 1126 1220 secer·

111 1241 225 1316 dotes,
257 1259 374 1325 corpus
403 1238 529 1300 domini
565 1240 599 1301 in
626 1239 779 1301 sacrificio
811 1239 1041 1318 conficientes,
1069 1243 1124 1304 sub

110 1336 248 1411 utraque
277 1324 383 1410 specie
410 1328 528 1387 sacrem
550 1323 773 1387 Eucharistiem
793 1323 904 1386 seruet.
925 1345 1016 1401 nain,
1044 1340 1125 1388 nte

110 1408 308 1473 Tridentino
323 1407 455 1489 Synodo
470 1416 505 1488 u)
529 1411 724 1495 explicatum
748 1409 802 1485 cll,
819 1410 967 1495 quarnvis
985 1409 1125 1474 Chrillue

112 1498 267 1559 dominos
279 1497 313 1557 in
329 1495 441 1556 ultima
456 1516 551 1558 coeno
562 1496 744 1558 altissimum
763 1495 823 1556 hec
843 1500 1070 1560 lucrementum
1090 1498 1125 1559 in

111 1583 226 1668 panis,
248 1580 372 1642 etvini
395 1582 557 1663 speciebus
578 1581 764 1658 instituerit,
785 1590 818 1642 et
838 1577 1003 1664 Apostolie
1021 1582 1125 1643 tradi·¹
1238 1618 1241 1623 -

111 1669 218 1729 derit:
246 1687 290 1728 ex
317 1686 358 1727 eo
379 1676 486 1728 temen
508 1688 573 1728 non
596 1665 748 1742 efficitur,
778 1666 861 1728 hanc
888 1667 991 1744 legem
1015 1688 1033 1729 a
1055 1665 1125 1729 Dor·-

113 1754 206 1815 nrino
229 1753 388 1813 salvatore
411 1751 610 1814 constitutam
629 1751 712 1827 effe,
742 1753 949 1812 ut‘omnibue
972 1751 1122 1814 fidelihus

111 1843 197 1902 sacra
226 1836 370 1917 mysteria
403 1839 457 1898 sub
489 1849 622 1924 utraque
649 1837 754 1922 specie
784 1834 1025 1900 administranda
1052 1839 1123 1899 sint.

108 1923 244 1986 Etenim
274 1921 360 1984 idem
381 1919 541 1985 Dominus
569 1922 671 1986 noller
696 1943 766 1983 curu
788 1921 828 1983 de
849 1920 910 1983 lroc
930 1922 1124 1987 sacramento

109 2011 315 2095 loqueretur,
349 2009 483 2069 alterius
514 2019 642 2070 tantum-
666 2006 784 2092 spcciei
812 2009 939 2091 saepius
968 2008 1126 2085 meminit,

110 2110 149 2158 ut
171 2115 242 2155 cum
265 2093 389 2178 inquit:
407 2100 441 2172 u)
464 2090 504 2155 Si
516 2091 594 2179 quie
613 2091 930 2155 ntandncoverr'tex
942 2090 1002 2156 stoc
1022 2114 1127 2179 pane,

110 2176 209 2244 vivet
236 2178 274 2239 in
308 2185 509 2240 aeternum.-
541 2187 591 2252 et,
614 2181 646 2252 v)
671 2172 783 2239 Panic
832 2196 908 2239 nem
941 2198 1004 2263 ego
1029 2174 1126 2255 dubo,

109 2283 198 2327 caro
218 2284 295 2324 men
315 2257 360 2343 est
379 2282 444 2346 pro
460 2259 584 2323 mundi
603 2261 696 2324 vita.-
722 2264 765 2337 cs,
779 2196 829 2345 ”3
843 2259 915 2341 Qui
934 2260 1126 2325 ntanrlncat

107 2344 206 2411 hunc
221 2367 370 2431 panem,
401 2343 493 2407 vivet
514 2343 551 2407 in
575 2355 766 2408 ueternum.
826 2344 938 2407 llsultis
966 2366 1062 2423 vero,
1092 2357 1218 2409 etuxxr.
1240 2365 1268 2405 oe

108 2433 157 2495 ite
178 2431 308 2518 quidem
333 2431 525 2510 gravissimis
546 2430 723 2493 rationibus
745 2429 909 2493 adductam
931 2430 993 2493 csse
1014 2431 1126 2493 Eccle-

108 2518 314 2603 staupum,
336 2529 372 2578 ut
393 2516 473 2577 hanc
495 2516 691 2599 potissimum
715 2518 770 2578 sub
790 2516 887 2578 estere
909 2513 1013 2600 specie
1035 2532 1126 2579 coru&

109 2602 299 2668 municendi
319 2599 582 2664 consuetudinem
606 2624 671 2664 non
700 2602 804 2664 solum
833 2604 1043 2685 approbaret,
1069 2602 1123 2673 sed

110 2690 212 2753 etiem
234 2688 350 2750 tlecreti
370 2687 558 2748 euctoritete
573 2688 724 2748 firmaret.
778 2686 920 2748 Primum
948 2684 1127 2750 enim'ma-

109 2778 205 2837 xime
236 2772 408 2838 cavendum
439 2782 523 2846 erat,
558 2793 598 2833 ne
630 2771 757 2850 sanguis
777 2770 912 2834 Domini
942 2774 977 2834 in
1009 2782 1126 2835 terram

109 2858 321 2924 forrderetur:
344 2857 428 2944 quod
452 2858 581 2943 quidem
604 2853 698 2918 facile
720 2857 818 2919 vitari
833 2854 921 2941 posse
942 2876 1009 2919 non
1031 2856 1128 2920 vide-

109 2946 220 3021 batur,
252 2946 274 3004 si
297 2944 331 3005 in
355 2965 469 3027 ariagne
497 2942 612 3028 populi
632 2941 837 3004 multitudine
857 2962 928 3003 eum
951 2942 1129 3006 minillrare

110 3028 319 3117 oportuisset.
362 3029 546 3105 Praeterea,
573 3050 643 3090 cum
664 3031 748 3090 sacra
769 3026 963 3089 Eucherillia
985 3029 1128 3109 aegrotis

108 3114 234 3203 praesto
257 3114 320 3177 elle
343 3114 472 3191 debeat,
494 3134 686 3199 magnopere
708 3113 886 3176 timendum
908 3124 991 3187 erat,
1024 3135 1080 3193 ne,
1103 3114 1125 3176 si

109 3202 237 3264 diutine
259 3200 331 3262 vini
353 3200 475 3286 species
496 3198 716 3275 asservaretur,
737 3202 938 3261 coacesceret.
969 3198 1127 3261 Permulti

108 3300 280 3373 praeterea
302 3290 392 3357 sunt,
414 3284 470 3371 qui
491 3284 564 3346 vini
583 3289 740 3370 saporem,
770 3288 812 3347 ac'
827 3304 867 3346 ne
887 3283 1020 3346 odorem
1051 3286 1126 3371 qui-

111 3374 188 3434 tlem
212 3368 354 3455 perferre
370 3372 439 3432 ullo
461 3368 557 3432 modo
578 3372 706 3455 possint.
748 3367 857 3454 Quare
878 3390 929 3444 ne,
950 3370 1032 3453 quod
1059 3372 1125 3455 spi·
1225 3428 1236 3451 Ι

108 3457 242 3519 ritualie
262 3457 374 3520 selutis
402 3458 489 3519 causa
517 3454 656 3518 dandum
677 3457 736 3533 est,
772 3450 921 3541 corporis
945 3456 1126 3516 valetudini

109 3553 262 3618 noceret,
282 3540 523 3626 prudentissime
543 3541 697 3603 sancitum
716 3540 756 3602 ett
777 3542 815 3600 ab
836 3536 987 3612 Ecclefia,
1011 3550 1043 3599 ut
1067 3560 1125 3624 pa-

110 3629 166 3690 nis
188 3627 407 3689 tantummodo
424 3627 562 3710 speciem
583 3625 693 3687 fideles
713 3623 905 3709 acciperent·
935 3621 1068 3684 Accedit
1087 3627 1125 3684 ed

111 3715 196 3775 alias
219 3716 370 3789 rationes,
392 3711 476 3796 quod
498 3712 532 3772 in
548 3712 693 3795 pluribus
715 3709 897 3855 provinciis
913 3712 1032 3771 summa
1058 3710 1126 3770 vini
1195 3762 1200 3779 ,

108 3798 249 3883 penuria
281 3798 458 3859 laboretur:
498 3796 599 3881 neque
628 3796 664 3856 id
698 3794 845 3868 aiunde,
881 3794 946 3854 sine
976 3795 1126 3856 maximis

109 3884 283 3968 impensio,
304 3905 338 3943 ac
361 3903 426 3944 non
442 3880 500 3943 nisi
523 3882 725 3960 longissimis,
749 3892 780 3941 et
801 3877 1003 3943 difficillimis
1026 3881 1127 3942 itine-

110 3970 214 4044 ribus,
236 3969 376 4030 convehi
400 3967 507 4052 potest.
553 3965 688 4049 Deinde,
712 3962 794 4053 quod
811 3965 960 4051 'inexime
982 3966 1126 4028 omnium

110 4054 150 4117 ed
172 4076 241 4116 reni
265 4054 421 4138 pertinet,
442 4052 654 4115 convellenda
676 4067 744 4115 eret
765 4072 877 4115 eorum
898 4052 1049 4127 haeresia,
1065 4055 1128 4137 ¹qui

113 4204 557 4221 Μ

148 4283 184 4347 tt)
204 4279 272 4333 Seis.
291 4288 335 4341 21.
354 4280 387 4331 de
406 4295 507 4332 comm.
527 4275 575 4329 sub
593 4287 645 4329 ntr.
665 4274 730 4340 Cap.
742 4283 767 4333 1.
789 4300 824 4313 -
861 4273 894 4340 n)
914 4272 974 4326 loa.
991 4280 1075 4340 6,,52,
1092 4301 1127 4313 .-

147 4354 181 4421 v)
202 4352 239 4409 ib.
257 4380 293 4393 -
329 4350 370 4417 w)
389 4349 426 4407 ib.
446 4368 472 4402 r.
493 4365 528 4404 eo,

882 4436 908 4498 Z
