2542 4898
182 705 240 778 D'e
264 701 458 781 cunetas
480 715 517 781 et
540 701 689 778 decretio
708 699 849 779 Gnosii.
878 703 980 778 Trid.
1050 734 1116 783 xcv

112 884 212 957 Sur·
241 897 280 953 et
307 885 454 977 antiquis
476 883 659 953 Ecclesiae·
676 884 1116 976 catholieae'monmaentia,

112 990 187 1045 suot
217 971 420 1043 diversorum
439 971 667 1041 ¹conciliorum
686 971 781 1039 Actis
800 983 870 1039 ann
890 974 1042 1043 Patribus
1063 1001 1116 1045 ec·

69 1092 72 1103 ·
110 1059 327 1142 al'esiastieis,
358 1057 464 1127 textui
496 1056 640 1124 Concilii
659 1056 846 1123 Tridentini
874 1062 1007 1126 anobis
1038 1063 1116 1128 sob-

109 1145 237 1232 jectas,
271 1145 391 1234 partina
430 1143 557 1211 easdem
596 1144 796 1232 recognitis,
811 1158 814 1165 '
829 1143 910 1209 loeis
941 1148 1062 1234 spuriis
1083 1160 1119 1215 et

111 1230 238 1321 aliquot
267 1230 406 1299 minoris
436 1228 594 1298 momenti
628 1229 744 1296 critico
764 1228 893 1314 jndicio
924 1234 1117 1323 segregatio,

110 1339 152 1383 ex
183 1317 332 1383 editione
352 1314 715 1417 Platiana'selegimns,
748 1314 866 1403 partim
884 1316 1029 1404 propriis
1050 1331 1117 1385 stn-

110 1401 173 1468 diis
206 1426 335 1468 samma
365 1426 440 1469 cnm
461 1399 630 1488 diligentia
651 1424 693 1466 ex
723 1400 869 1466 lontibus
891 1403 987 1467 modo
1008 1403 1117 1469 landa·

112 1488 151 1553 tis
172 1489 359 1555 laansimns.
394 1487 496 1573 *Quae
517 1496 613 1551 notae
637 1509 703 1553 non
725 1497 847 1553 tantum
869 1486 960 1554 locos
982 1487 1023 1555 ab
1046 1490 1118 1578 ipsa

115 1597 129 1639 a
173 1574 239 1652 odo
274 1574 391 1641 citatos
418 1582 566 1640 accurate
599 1566 779 1654 indicant,¹
804 1571 862 1638 sed
894 1573 990 1639 etiam
1015 1575 1120 1643 multa

112 1598 369 1729 alienationes
396 1658 450 1726 vel
476 1682 529 1724 res
558 1657 699 1725 concilio
731 1658 871 1723 sancitas
902 1660 1117 1747 comproban-

114 1746 155 1811 tia
191 1746 246 1811 vel
280 1768 380 1812 sensu
408 1743 588 1834 parallelo,
622 1767 679 1809 ex
709 1742 830 1832 quibus
865 1743 930 1832 ipsi
963 1745 1119 1812 historiae

115 1831 301 1920 dogmatum
330 1829 548 1921 percolendae
580 1828 721 1895 lrnctom
749 1829 893 1918 aliquem
922 1830 1118 1898 redundatu-

113 1939 184 1983 rom
206 1940 280 1983 esse
301 1916 338 1982 la.
361 1915 592 1983 Streitwollios
605 1914 768 2003 speravit.
825 1915 865 1979 ln
885 1915 1031 1981 Platiana
1051 1918 1119 1982 cdi·

113 2001 224 2087 tione,
260 2001 295 2067 in
330 2002 508 2105 Belgarum
538 1997 710 2066 utilitatem
747 1999 952 2102 potissimum
987 2002 1118 2068 concin-

112 2098 206 2169 nan,
233 2088 323 2154 notia
353 2086 531 2163 cormorii,
575 2085 634 2150 nlri
658 2084 699 2149 de
730 2084 923 2173 disciplinae
955 2087 1119 2175 capitibus
1200 2166 1203 2171 Ι

116 2195 221 2239 sermo
253 2186 326 2252 est,
357 2172 558 2258 adjiciuntur
577 2193 638 2253 ea,
669 2194 754 2258 qnae
777 2172 817 2236 ad
839 2171 1045 2260 disciplinam
1068 2198 1119 2238 eo·

114 2259 231 2325 clesiae
262 2257 416 2347 Belgicae
448 2256 632 2346 pertinente
673 2268 786 2322 anctor
816 2257 902 2321 enirn
931 2258 1023 2324 illius
1052 2260 1120 2324 edi·

114 2344 213 2409 tionis
236 2345 272 2410 in
293 2344 430 2434 praelat.
455 2367 488 2444 p.
510 2340 673 2406 XXXIV.
697 2342 935 2427 animadvertit,
965 2345 1050 2423 „alia
1072 2345 1118 2408 di·

114 2431 182 2512 „sci
208 2430 296 2496 linae
319 2430 354 2495 in
375 2428 516 2496 concilio
534 2426 729 2494 Tridentino
752 2429 937 2517 propositae
959 2430 1062 2519 capita
1085 2430 1121 2495 in

112 2454 253 2618 „litigio
280 2516 495 2596 nallatenus,
524 2513 588 2578 alia
619 2525 708 2579 certo
737 2516 833 2580 modo
863 2514 1025 2596 admissa,
1057 2515 1123 2581 alia
1192 2518 1198 2530 ’

114 2603 235 2682 „variis
256 2602 291 2667 in
315 2601 430 2668 edictis
453 2623 512 2688 per
526 2597 637 2684 Belgii
659 2599 826 2687 principes
848 2601 973 2668 diversa
996 2600 1123 2669 ratione

114 2687 320 2769 „declarata,
349 2687 412 2753 alia
435 2685 578 2774 denique
600 2686 635 2748 in
656 2685 790 2769 synodis
812 2685 976 2772 Belgicis,
1009 2684 1122 2749 Camo-

117 2773 268 2923 „pffipsi
294 2772 519 2923 potiissitrpnmd
534 2769 613 2917 limi
636 2770 759 2850 1583„
790 2768 1023 2916 llcchliniensi
1045 2772 1125 2872 anni

120 2905 140 2933 „
237 2881 292 2921 .e
332 2882 406 2924 erc
434 2880 497 2922 sa
565 2876 655 2918 arom
679 2876 737 2919 exe
764 2877 931 2918 unionem
977 2878 1012 2919 er
1058 2880 1124 2920 ran·

117 2943 232 3031 „cipes
255 2954 382 3008 nostros
405 2942 508 3023 datis,
540 2877 762 3005 diversimodirl
784 2879 1125 3030 enbitin,paoi1uas

116 3030 173 3108 „in
196 3029 419 3095 additionibus
448 3029 492 3093 ad
517 3038 611 3092 notas
631 3025 851 3092 Chittletianos
872 3026 1027 3093 lectorem
1051 3050 1124 3094 esso

117 3114 371 3193 „remittendum
394 3112 576 3200 judicavi„
631 3111 743 3195 Quum
773 3135 851 3178 vero
879 3113 953 3178 talis
975 3113 1057 3180 ratio
1080 3112 1126 3181 ad

109 3204 239 3267 ‘cerum
276 3202 421 3290 aliquam
447 3211 565 3266 terram
594 3209 745 3287 spectans
773 3198 814 3263 alr
842 3198 985 3264 editione
1014 3211 1126 3267 nostra
1244 3268 1248 3273 ,

118 3288 253 3375 penitus
285 3297 372 3353 esset
406 3285 533 3367 aliena,
563 3307 630 3348 non
656 3294 781 3348 tantum
804 3307 917 3349 omnes
939 3284 1038 3355 Platii
1067 3301 1125 3349 no'·

119 3383 168 3437 tas
202 3374 284 3440 illnc
312 3372 535 3462 pertinentes,
567 3370 625 3434 scd
654 3369 752 3435 etiam
788 3392 844 3448 ea,
877 3393 961 3459 qraae
993 3369 1050 3434 ille
1084 3388 1126 3443 ex

119 3480 221 3547 opere
240 3458 361 3525 Petri
385 3456 650 3535 Stockmans,
680 3454 736 3520 cui
755 3453 888 3520 titolnsr
922 3456 988 3521 slus
1006 3456 1128 3544 Belpo·

110 3566 199 3617 worm
215 3548 304 3612 circe
331 3544 502 3609 bullarum
522 3541 769 3629 pontificiarum
783 3543 1011 3627 receptionem,
1031 3564 1126 3692 prae-

122 3629 240 3696 lationi
261 3654 339 3696 snae
361 3626 559 3708 connexuit,
579 3625 656 3710 jure
679 3636 790 3691 nostro
813 3627 993 3692 omisimus.
1061 3651 1128 3693 rae·

123 3724 211 3781 terea
241 3726 279 3780 nt
302 3715 375 3782 loca
405 3738 446 3780 ex
468 3713 613 3802 Corpore
633 3710 722 3795 juris
751 3712 899 3778 canonici
928 3711 1023 3777 allata
1049 3713 1128 3781 laci·

123 3798 187 3865 lina
218 3801 325 3868 evolvi
352 3811 487 3904 possent
515 3822 534 3861 a
561 3795 761 3884 lectoribus,
793 3798 903 3864 eadem
933 3797 994 3864 sula
1024 3799 1127 3866 forma

123 3908 184 3975 per
207 3909 269 3954 nos
290 3886 488 3954 exhibentur
508 3882 639 3973 aptiori.

197 4071 260 4136 DE
282 4070 593 4139 PROFESSIONE
616 4069 738 4137 FlDEl
761 4071 1075 4163 TRIDENTINAE

124 4203 165 4256 et
183 4190 289 4258 aliis
312 4191 943 4341 catholicornmnlpecentiornm
964 4196 1129 4263 conses-

523 4301 636 4342 srono
674 4301 732 4342 ns.
1109 4304 1112 4309 ·

186 4384 281 4470 Quae
308 4381 420 4451 Patres
449 4385 580 4452 concilii
601 4384 790 4453 Tridentini
822 4389 862 4455 dc
884 4386 1033 4453 socienda
1052 4410 1128 4478 pro-
