2542 4898
501 200 614 208 ⁴1,=-·1.1

230 622 305 699 103
530 540 925 715 Ceteelrisrni'liomeni

228 790 311 859 celse
330 789 373 856 est
389 786 562 875 diligenter
584 776 780 855 considerare
799 791 825 873 ⁸)
851 786 966 888 quilius
984 789 1084 875 lecte,
1119 790 1237 879 quilius

225 876 383 951 solidiore
403 875 474 940 cibo
503 896 585 965 opus
614 876 671 953 tit,
699 895 734 938 ec
761 874 894 957 singulis
915 896 953 941 ee
972 875 1148 951 doctrines¹
1170 879 1236 943 uli·

225 968 336 1029 mente
357 965 527 1048 praebere,
548 982 628 1051 quse
646 959 795 1047 spiritum
814 972 957 1042 eugenni,
982 966 1017 1043 ιι)
1050 958 1160 1027 donee
1178 983 1237 1027 oe·

226 1048 413 1113 curramus
432 1066 548 1110 omnes
579 1044 617 1111 in
644 1042 818 1109 unitatem
835 1042 950 1131 fidei,
971 1056 1007 1113 ct
1036 1043 1236 1133 agnitionis

217 1124 301 1217 filii
325 1128 406 1207 Dei,
427 1129 465 1194 in
484 1128 601 1195 virum
621 1122 834 1217 perfectum,
854 1128 1114 1217 inmensorum
1133 1140 1235 1195 aetn-

227 1213 276 1279 tis
299 1211 538 1303 plenitudinis
570 1210 705 1303 Gliristi.
758 1212 796 1277 Id
818 1214 898 1298 iero
917 1212 1106 1303 ‘Apostolus
1137 1217 1175 1281 in
1202 1220 1237 1279 se

225 1295 297 1387 ipso
320 1301 468 1363 omnibns
491 1299 722 1363 observandum
741 1298 897 1384 judicarit
910 1304 969 1383 12)“,
990 1325 1061 1366 tum
1082 1301 1184 1379 dixit,
1202 1296 1237 1385 v)

224 1389 260 1449 se
283 1383 436 1462 Graecis,
468 1396 501 1448 et
523 1387 681 1460 barbarie,
714 1385 927 1472 sapientibus,
956 1398 989 1452 et
1011 1388 1237 1473 insipientibus

225 1468 406 1533 debitorem
427 1470 510 1546 esser
533 1482 568 1533 ut
589 1470 743 1533 videlicet
759 1472 998 1553 intelligerent,
1029 1476 1085 1559 qni
1106 1472 1152 1551 ,ed
1173 1473 1237 1543 lroc

225 1554 437 1619 ministerium
458 1557 565 1619 receti
585 1560 678 1632 sunt,
708 1554 754 1616 ita
781 1556 820 1621 in
840 1557 1002 1623 tradendis
1023 1556 1100 1621 fidei
1119 1556 1238 1639 myste-

226 1641 306 1720 riis,
326 1662 361 1703 ec
383 1642 469 1706 vitee
491 1636 669 1727 praeceptis
687 1637 865 1705 doctrinem
883 1644 922 1707 ed
943 1644 1144 1708 audientium
1163 1648 1238 1709 sen·

226 1729 308 1805 sum,
336 1736 431 1813 etque
457 1725 708 1809 intelligentiam
734 1728 967 1793 accommodari
1001 1741 1172 1814 oportere3
1192 1740 1238 1803 nt,

227 1831 300 1875 cum
329 1832 441 1875 eorum
477 1812 622 1890 enimes,
654 1811 710 1898 qui
742 1804 936 1878 exercitatos
969 1820 1079 1895 sensus
1107 1816 1239 1893 hebent,

226 1897 391 1981 spirituali
413 1898 484 1961 cibo
507 1899 733 1984 expleverint,
759 1919 801 1961 ne
820 1898 953 1963 interim
974 1900 1131 1986 parvulos
1152 1896 1239 1964 seme

226 1980 536 2082 perire-*perieulum
568 1988 663 2061 utu)
685 1981 742 2071 qui
762 2003 879 2067 penem
901 1998 1025 2069 petent,
1056 1996 1091 2049 et
1110 2008 1180 2049 non
1199 1985 1267 2086 lit·

121 2064 545 2218 '‘mittilt'siitin
567 2066 1238 2242 siltittlsllt‘tt‘l„stills?

225 2238 309 2313 celle¹
337 2240 376 2301 lit
405 2239 581 2302 auditorem
610 2260 719 2303 earum
749 2260 857 2303 rerum
903 2243 1082 2326 praeceptis
1116 2242 1262 2318 instrui,'

225 2344 306 2411 ques
326 2325 488 2400 leviores,
519 2338 550 2387 ot
572 2324 764 2387 humiliores
785 2324 957 2404 videntur,
989 2350 1049 2390 nec
1077 2328 1143 2391 line
1165 2350 1237 2391 mo-

222 2410 309 2471 lestie
333 2412 370 2472 eb
392 2411 435 2471 iis
464 2410 664 2495 potissimum
687 2411 814 2472 trecteri
841 2414 961 2488 solent,
991 2435 1129 2499 quorum
1164 2416 1238 2477 eni·

223 2516 295 2557 mus
317 2495 353 2557 in
374 2496 558 2558 sublimium
583 2517 689 2557 rerum
712 2497 985 2580 contemplatione
1008 2504 1169 2575 versetur,
1203 2522 1237 2562 ec

225 2582 432 2665 conquiescit.
476 2580 555 2644 Nem
586 2582 610 2641 li
638 2582 707 2666 ipse
729 2585 850 2643 aeterni
872 2584 975 2666 petris
1008 2585 1167 2668 sapientie
1201 2584 1237 2649 in

227 2676 330 2728 terres
352 2666 529 2741 descendit,
568 2667 661 2728 utin
692 2667 795 2729 cernis
817 2669 937 2730 nollree
959 2668 1144 2733 humilitate
1166 2690 1237 2735 cee-

226 2752 312 2814 leslis
341 2753 428 2815 vitae
459 2763 626 2837 praecepte
654 2752 749 2814 nobis
781 2753 940 2840 traderett
982 2778 1077 2840 quem
1117 2778 1184 2818 rron
1204 2758 1237 2834 ³)

226 2838 400 2921 compellet
420 2837 557 2921 chorites
578 2834 710 2914 Christi,
732 2849 765 2899 ut
787 2843 821 2916 t)
850 2840 1001 2923 parvulus
1022 2843 1078 2903 fiat
1107 2841 1144 2904 in
1167 2861 1237 2902 me-

226 2920 281 2985 dio
303 2920 440 2986 sretrurn
463 2928 609 2997 suorum,
631 2934 664 2984 et
690 2936 847 3008 tamqnam
869 2926 981 2987 nutrix
1006 2920 1125 2989 fovens
1150 2929 1236 2991 filios

107 3056 110 3063 ,
224 3014 315 3082 suos,
353 3009 398 3070 ite
427 3008 541 3093 cupide
572 3011 797 3091 proximorum
824 3011 957 3073 salutem
990 3009 1162 3091 desideret,
1191 3024 1236 3089 ut,

225 3093 311 3178 quod
345 3092 383 3153 de
404 3098 436 3156 se
464 3092 730 3177 ipsonipollolus
753 3095 782 3172 Ζ)
806 3096 945 3171 tolletur,
980 3098 1028 3159 eis
1058 3099 1141 3160 velit
1169 3120 1235 3161 non

223 3179 330 3240 lolem
351 3176 565 3259 Euangelium
592 3176 676 3257 Dei,
695 3179 749 3243 sed
774 3181 873 3242 etium
896 3183 1036 3245 nnimern
1066 3182 1216 3247 tredere'r'

226 3334 308 3431 [Qu.
320 3351 372 3412 12.
384 3340 469 3406 Cum
492 3340 590 3407 Dens
606 3340 770 3430 r’ifilrilcm
787 3344 854 3429 sni
877 3344 1117 3432 praefinitione
1142 3345 1235 3411 nobis

196 3444 205 3467 ⁹
370 3423 597 3603 ζιέἕιιῖίμρἲενιῖ,
617 3428 708 3492 eride
721 3430 882 3521 Pastores
899 3432 974 3517 qne
990 3427 1132 3497 verbnm
1148 3432 1235 3498 lian-

113 3626 218 3674 ΜΨ
288 3633 402 3699 Omnis
423 3638 563 3699 *eutem*
585 3637 750 3701 doctrinae
771 3637 874 3714 retis,
894 3660 975 3724 queo
996 3637 1149 3702 fidelibus
1167 3652 1232 3703 tre-

222 3720 324 3784 dendo
347 3725 400 3799 lit,
430 3727 529 3786 uerbo
561 3722 622 3785 Dei
651 3726 849 3799 continetur,
872 3725 958 3809 quod
983 3725 1019 3786 in
1035 3727 1236 3811 scriptorem,

220 3809 474 3895 traditionesque
492 3809 698 3871 distributum
726 3810 776 3872 eli.
799 3811 907 3894 itaque
933 3811 966 3872 in
994 3812 1107 3873 herum
1130 3834 1235 3875 rerum

221 3896 433 3967 meditatione
460 3894 600 3956 l'estoree
630 3895 711 3967 dies,
728 3907 902 3981 noctesque
922 3898 1143 3969 versabuntur,
1167 3919 1235 3960 me-

219 4000 328 4043 mores
350 3980 442 4042 illins
469 3979 509 4043 D.
531 3980 622 4041 l'euli
647 3981 898 4057 admonitionis,
930 4002 1023 4067 quem
1053 3982 1091 4043 ed
1119 3983 1236 4045 Timo-

218 4067 330 4128 tlreurn
356 4068 525 4150 scriptam,
554 4087 684 4142 omnes,
723 4068 913 4153 quicumque
941 4068 1121 4130 animarum
1144 4091 1236 4131 curee

159 4230 169 4257 ⁶
252 4247 301 4312 12)
317 4248 362 4295 Ilo
369 4242 533 4314 soloes'lem.
548 4256 573 4295 et
584 4246 674 4317 Lugii.
685 4256 727 4310 2.;
744 4245 872 4317 reliquae,
887 4244 1076 4310 alienissimi,
1095 4216 1249 4299 indicarit.=

254 4338 279 4407 t)
298 4340 389 4401 icor.
403 4348 431 4402 3,
449 4339 624 4411 tesqqllebr.
641 4348 668 4401 5,
685 4361 709 4397 te
720 4340 777 4408 sqq.
796 4368 828 4381 -
849 4339 882 4407 u)
891 4338 963 4407 Epir.
974 4347 999 4403 i,
1016 4359 1050 4397 ω.
1061 4367 1097 4380 -·
1118 4342 1237 4404 miloni.

253 4422 281 4476 ¹5
301 4429 338 4470 1⁴0
354 4436 391 4455 “
408 4411 450 4479 W)
468 4414 575 4467 Thmle
592 4423 619 4475 4,
634 4428 659 4467 ὅ·
679 4438 709 4453 ““
729 4413 764 4480 Χ)
782 4422 799 4471 2
814 4411 877 4465 Cui·
893 4418 919 4471 ὅν
939 4428 975 4469 Νι
995 4436 1028 4452 ““
1058 4416 1091 4477 5)
1110 4422 1122 4472 ¹
1144 4409 1235 4467 Thess.

254 4490 281 4546 2,
296 4503 318 4539 r.
338 4510 371 4525 —
392 4484 424 4551 r)
442 4482 482 4538 ib.
501 4502 528 4537 r·
544 4498 567 4537 e·
1090 4528 1095 4541 ,
