2542 4898
251 662 340 758 Cep.
367 660 445 733 vlt.
496 662 555 733 De
579 660 678 733 sexto
699 678 903 763 praecepio.
1007 680 1083 752 543

64 838 175 919 ligere
192 842 224 902 l'o
243 853 355 905 mutuo
371 842 514 927 quodem·
522 856 556 907 ot
566 832 846 927 finguleri'ornote
868 846 983 929 ‹tittgt;
1002 870 1083 913 con·

63 934 138 1001 ert,
159 925 246 988 nihil
270 929 447 1006 moledicte,
468 952 561 1017 quom
587 934 706 996 sentire
726 956 744 995 e
765 932 959 1021 redebitum
980 944 1012 996 et
1033 936 1084 999 le⁴

64 1012 220 1091 gitiromn
243 1034 383 1077 eruorem
405 1016 471 1076 elio
493 1014 682 1089 transferri3
710 1031 797 1082 recte
822 1020 968 1103 quidem,
989 1031 1083 1107 etque

66 1096 186 1159 ordine
203 1100 311 1174 illurn,
335 1122 414 1187 quoe
436 1102 580 1165 lrominie
602 1105 703 1166 vitam
724 1124 742 1167 n
764 1106 998 1179 moderamur,
1033 1108 1083 1167 te-

65 1192 142 1260 gern
160 1184 264 1257 lmec,
293 1208 373 1271 quae
393 1187 432 1249 de
453 1186 619 1266 moechia,
650 1190 716 1251 five
734 1190 892 1252 adulterio
914 1191 974 1265 eli,
1002 1211 1083 1253 con-

66 1269 229 1355 sequitur,
253 1283 287 1333 ut
308 1279 444 1335 tinctam
464 1273 557 1337 illem
580 1286 613 1337 et
637 1276 860 1339 honorabilem
882 1274 1083 1339 :llntrimonii

64 1355 345 1438 conjunctionem,
368 1358 450 1420 unde
471 1356 583 1440 magne
605 1361 768 1423 charitatis
795 1363 846 1424 vie
866 1362 1008 1423 exlillere
1030 1365 1084 1423 lo-

66 1440 132 1513 let,
162 1462 258 1505 neum
281 1445 345 1505 ullo
373 1444 522 1507 adulterii
544 1444 659 1509 scelere
681 1447 823 1521 violare,
854 1460 908 1509 eut
930 1446 1083 1509 dirimere

62 1524 192 1588 cudent.
253 1528 314 1591 Sed
340 1531 502 1593 tamenin
527 1532 585 1594 hec
613 1533 679 1617 ipt'a
706 1553 742 1596 re
764 1532 951 1616 explicando
972 1544 1114 1594 cuutorn.

64 1609 240 1675 edrnudmn
270 1616 308 1675 lit
329 1614 508 1692 Porcellus,
542 1628 573 1679 et
602 1616 761 1701 prudens,
794 1630 826 1681 et
855 1618 946 1681 tectis
975 1618 1083 1679 verbio

42 1692 137 1761 'reru
168 1712 417 1776 commemoret,
450 1722 528 1789 quoe
549 1703 802 1767 moderationem
825 1703 934 1790 potiue
961 1703 1083 1765 deiide·

66 1796 137 1859 ret,
170 1806 264 1869 ‹prmm
292 1785 449 1848 orationis
472 1787 607 1872 copiam.
633 1789 808 1852 verendum
829 1789 869 1850 ell
889 1790 997 1863 enirn,
1030 1808 1083 1863 ne,

64 1869 144 1932 dum
166 1870 194 1931 is
218 1872 289 1943 luto,
310 1883 404 1957 atque
425 1873 552 1957 copiole
573 1874 671 1936 nimie
690 1874 853 1961 explicere
882 1873 987 1949 studet,
1008 1873 1084 1958 qui·

64 1957 127 2019 hue
149 1957 255 2018 modis
279 1956 435 2020 nomines
456 1962 493 2019 eb
518 1959 609 2040 hujus
643 1960 725 2040 logie
755 1958 949 2044 praescripto
978 1959 1084 2019 disce-

59 2040 159 2117 dent,
180 2042 214 2102 iri
236 2042 365 2105 illarum
385 2064 493 2106 rerum
515 2047 694 2108 sermonem
722 2041 807 2108 forte
828 2045 966 2119 incidet,
997 2042 1082 2105 unde
1109 2062 1112 2067 ·

63 2128 256 2191 excitandae
278 2129 424 2191 lrbrdrms
452 2130 562 2213 potius
587 2130 739 2210 materie,
767 2152 860 2217 quarn
886 2130 1082 2209 restinguen-
1162 2134 1164 2141 ’
1197 2120 1227 2203 ’,

62 2212 126 2275 dee
159 2213 249 2274 illius
280 2215 381 2288 ratio,
414 2236 563 2278 emanere
590 2215 683 2280 folet.
745 2214 806 2278 Sed
837 2219 987 2302 quonium
1019 2208 1125 2275 liorr'u.
1168 2233 1195 2273 r.

62 2310 235 2385 praecepto
254 2300 353 2360 multu
369 2302 593 2374 continemur,
615 2321 695 2389 queo
738 2301 995 2363 rootermittendn
1015 2320 1081 2360 non

61 2388 157 2463 sunt,
178 2406 214 2445 ee
242 2388 296 2446 luo
319 2385 391 2447 loco
411 2388 692 2470 explicabunture
714 2322 877 2447 lumchis.
918 2386 993 2467 Ejus
1016 2385 1081 2461 igi-

47 2482 117 2553 ‚tur
138 2468 260 2554 duplex
281 2470 333 2534 vie
354 2470 411 2541 ott:
442 2473 558 2547 altere,
587 2492 646 2559 que
677 2472 803 2533 disertis
827 2470 934 2533 verbis
955 2470 1082 2531 edulte'-

62 2556 315 2631 rium·vetctur;
346 2557 464 2631 altero,
499 2577 578 2643 quoe
606 2577 676 2619 eom
709 2558 898 2619 sententiam
927 2556 1081 2617 inclusum

62 2642 179 2715 hebet,
200 2652 234 2701 ut
257 2642 374 2715 animi,
399 2643 607 2728 corporisque
630 2640 796 2704 castitatem
817 2643 967 2706 colamus.
988 2640 1030 2722 -Ι-

63 2782 149 2869 [Qu.
172 2796 201 2855 2.
246 2782 349 2862 Quid.
364 2780 426 2861 (nb
454 2781 592 2847 numine
615 2781 793 2848 Moechiae
819 2781 882 2870 (eu
910 2779 1082 2846 adulterii
1166 2800 1170 2817 ¹

247 2864 303 2930 tric
320 2864 569 2954 prolribeturi]
749 2896 752 2901 ·

126 2984 172 3049 Ut
194 2987 335 3047 *nutem*
365 2988 402 3047 ob
431 3006 487 3059 eo,
521 2985 604 3073 qood
627 2988 827 3073 prohibitum
850 2985 907 3059 eli,
944 2978 1123 3043 docendilv.
1168 2998 1194 3041 u.

62 3072 196 3136 initium
219 3077 377 3147 l'urnntor3
410 3080 437 3147 τ)
461 3069 665 3135 Adulterium
688 3073 726 3134 ell
749 3072 889 3153 legitimi
910 3070 972 3130 tori
997 3065 1080 3148 inju-

61 3159 128 3233 rio,
164 3158 228 3219 live
250 3161 389 3233 alienus,
423 3160 487 3219 live
508 3160 660 3243 proprius
677 3160 734 3220 ille
755 3160 802 3220 lit.
824 3158 944 3221 etenim
966 3154 989 3213 li
1008 3171 1079 3213 rne-

60 3246 145 3309 ritus
168 3266 238 3305 cum
260 3246 395 3305 muliere
416 3245 516 3307 solute
540 3262 609 3306 rem
634 3245 747 3319 hebet,
769 3251 857 3308 suurn
880 3243 948 3328 ipse
973 3249 1078 3300 torum

61 3332 187 3405 riolat3
220 3332 242 3389 li
272 3350 349 3389 vero
373 3329 494 3390 solutus
515 3328 566 3389 vir
587 3328 723 3391 elienmn
745 3336 909 3411 cognoscat
933 3338 1079 3395 uxorem,

58 3416 211 3479 adulterii
237 3415 305 3475 labe
323 3424 410 3477 torus
422 3415 547 3475 alienus
564 3414 759 3499 inquinetur.
799 3414 869 3476 lloc
891 3434 968 3475 vero
982 3408 1106 3474 adul-v.

61 3502 141 3565 terii
164 3500 343 3579 interdictu
367 3500 473 3561 omniu
503 3499 690 3582 prohiberi,
720 3498 759 3560 D.
783 3497 970 3561 Ambrolius
995 3494 1021 3575 ¹)
1044 3504 1078 3555 et

60 3584 258 3665 Augustinus
272 3582 300 3670 ι)
321 3596 466 3646 auctores
481 3584 564 3658 funt,
584 3604 797 3685 quaecumque
820 3584 981 3649 inlronelle
996 3588 1077 3653 tunt,

57 3685 94 3739 et
117 3671 289 3756 impudica.
310 3669 347 3732 ln
373 3671 454 3731 herro
469 3672 658 3732 sententiam
679 3671 755 3730 hoec
778 3674 872 3732 verbu
893 3658 1115 3753 aecipiindrm·

59 3758 148 3834 ell'e,
179 3780 220 3819 ex
249 3758 343 3821 fucris
375 3754 491 3816 littoris
518 3757 747 3829 tumuleris,
789 3765 855 3817 tum
882 3756 963 3819 uovi
986 3756 1076 3820 telle-

60 3842 167 3909 menti
191 3844 266 3907 licet
286 3841 450 3921 colligere.
472 3860 545 3901 nem
567 3852 694 3926 praeter
716 3839 924 3918 adulterium,
952 3842 1015 3905 elie
1031 3843 1076 3907 li·

57 3930 185 3995 bidinis
206 3949 322 4010 genere
347 3927 429 4011 opud
452 3922 560 3988 Mosen
594 3926 781 4012 puniuntur.
840 3924 1009 3993 Eliludue
1036 3931 1072 3994 in
1162 3939 1187 3980 4-

65 4107 177 4118 ....--α
194 4106 256 4114 --
264 4107 297 4115 ..a
303 4106 510 4115 ...n-u—-u

101 4218 126 4279 ι)
150 4212 224 4281 nug.
249 4212 284 4263 n
312 4209 384 4262 nono
416 4196 527 4279 coijug.
547 4210 577 4265 c.
600 4206 627 4269 4.
645 4213 684 4279 (ρ.
703 4215 839 4301 eant·
884 4215 910 4282 ι)
926 4212 1022 4269 Amor.
1040 4215 1074 4272 n

94 4282 548 4424 ttsfttmrmn?
561 4312 606 4417 n.
623 4283 666 4425 <t
680 4283 757 4425 tn
1047 4306 1074 4343 ⁰·
