2542 4898
1093 377 1098 391 Ι

719 402 723 411 ι

326 439 330 452 Ι

248 608 252 619 ·
294 571 440 672 canl„
488 570 548 645 De
576 572 735 645 Sacram.
754 569 794 644 iu
817 592 962 667 genere.
1052 584 1128 657 247
1198 645 1203 657 .

110 751 349 835 caerimoniae,
383 775 462 843 quae
493 752 617 819 tametsi
645 754 861 844 praetermitti
898 755 964 823 sine
995 765 1126 844 peccato

108 864 181 906 uon
209 838 357 926 pellunt,
396 841 456 904 uisi
482 838 570 904 aliod
604 837 705 908 secere
732 843 801 930 ipsa
827 843 990 925 necessitas
1019 853 1128 924 cogat,

109 940 222 990 tamen
241 927 267 990 si
287 922 414 1014 quando
436 926 642 1007 omittantur,
662 931 814 1016 quoniam
828 928 876 990 rei
896 941 1039 991 naturam
1057 948 1126 991 non

109 1015 294 1092 attingunt,
332 1010 420 1074 nihil
449 1010 585 1076 devera
610 1014 796 1078 sacramenti
824 1014 951 1076 ratione
975 1013 1130 1077 imruinui

111 1093 307 1162 credenduu
329 1095 380 1159 est.
422 1091 472 1159 Ac
487 1097 604 1159 merito
622 1099 751 1184 quidem
772 1099 925 1183 reprimis
946 1117 1043 1184 usque
1064 1097 1127 1160 Ec-

110 1184 223 1247 clefiaa
243 1117 442 1268 tdrnporibus
462 1181 545 1243 illud
566 1170 690 1271 semper
709 1189 870 1249 servatum
891 1183 945 1260 eil,
969 1197 1003 1245 ut
1022 1189 1126 1246 sacre-

109 1280 224 1334 menta
243 1268 454 1331 sollemnibus
475 1267 662 1355 quibusdam
684 1271 889 1334 caerimoniis
908 1269 1127 1332 ministraren·
1183 1298 1186 1308 ·

108 1367 176 1418 tur.
218 1331 364 1416 Priinum
396 1354 483 1415 enim
516 1353 657 1417 maxime
685 1355 808 1434 decuit,
842 1355 936 1418 sacris
971 1352 1127 1432 mysteriis

87 1461 188 1519 „eum
205 1438 379 1519 religionis
400 1440 519 1502 cultum
534 1441 683 1511 tribuere,
703 1451 739 1503 ut
758 1446 863 1505 sancta
875 1440 974 1502 sancti
996 1435 1043 1516 1⁵)
1060 1450 1127 1501 tre-

110 1538 198 1590 ctare
225 1524 421 1587 videremur.
454 1535 633 1610 praeterea,
689 1547 746 1588 uae
765 1531 959 1597 sacramento
976 1518 1151 1589 cilicina-¹
1181 1542 1184 1547 ⁴

109 1622 184 1687 tur,
205 1609 419 1673 caerimoniae
439 1607 527 1696 ipsae
547 1611 648 1693 magis
667 1547 845 1689 declarent,
878 1632 913 1673 ac
935 1609 1038 1672 veluti
1057 1621 1128 1672 ante

112 1696 228 1760 oculos
247 1704 396 1781 ponunt,
418 1704 578 1757 eteorum
600 1717 707 1760 rerum
726 1695 923 1760 sanctitatem
943 1695 979 1757 in
1002 1694 1128 1757 animos

111 1781 261 1846 fidelium
280 1780 379 1843 altius
399 1779 603 1864 imprimunt.
652 1780 779 1845 Deinde
802 1803 879 1845 vero
901 1791 1025 1842 mentes
1048 1780 1129 1841 illo·

111 1888 203 1943 rum,
235 1864 292 1952 qui
320 1884 374 1927 eas
401 1863 584 1942 intuentur,
618 1877 650 1928 et
672 1867 844 1949 diligenter
872 1867 1058 1942 obsecrant,
1087 1861 1129 1928 ad

109 1950 298 2016 sublimium
313 1969 419 2013 rerum
435 1950 661 2031 cogitationem
677 1954 813 2034 erigunt,
831 1947 991 2038 fidemque
1011 1951 1047 2012 iu
1058 1946 1131 2029 eis,

110 2049 146 2101 et
167 2037 352 2100 charitatem
373 2035 534 2115 excitant:
566 2057 629 2122 quo
652 2039 757 2120 ,major
777 2058 869 2113 cura,
906 2047 938 2099 et
960 2034 1131 2114 diligentia
1222 2054 1226 2063 ¹

64 2132 69 2140 '
109 2119 290 2185 adhibenda
312 2124 395 2192 erit,
419 2131 453 2183 ut
472 2119 586 2183 fideles
609 2122 981 2198 rimcaerimoniarum,
1014 2120 1129 2207 quibus

109 2207 235 2288 singula
255 2210 450 2270 sacramenta
469 2206 701 2288 coniiciuntur,
729 2208 905 2292 cognitam,
940 2217 974 2272 et
996 2209 1131 2293 perspe-
1195 2216 1201 2223 '

109 2303 197 2358 ctam
214 2290 361 2354 habeant.

109 2412 198 2516 [Qu.
224 2439 277 2503 11.
334 2425 433 2575 31ιέΞὶ
435 2419 542 2593 aspufrt
573 2423 763 2491 cotlmlicae
794 2424 964 2514 Ecclefiac
1003 2423 1132 2512 locru-

175 2621 363 2711 ‘Sequitum
383 2632 420 2683 ut
437 2624 706 2684 sacramentorum
725 2619 824 2684 etiam
843 2642 994 2685 numerus
1013 2621 1242 2708 expli-ervum.

115 2721 217 2776 cetur.
232 2720 311 2798 quae
327 2706 455 2795 quidem
467 2707 611 2786 cognitio
626 2707 709 2769 lianc
724 2707 895 2770 utilitatem
911 2708 1014 2785 affert,
1029 2706 1132 2794 quod*

111 2799 404 2881 [sacramentorum
424 2812 576 2855 numerus
598 2791 738 2854 fietiarn
754 2792 920 2856 cornmode
941 2795 1131 2878 explicetur,

111 2887 194 2948 haec
217 2880 340 2944 utilitas
361 2883 526 2964 sequetur,
556 2875 604 2960 ut]
639 2878 779 2963 populus
808 2899 847 2940 eo
877 2877 991 2962 majori
1013 2881 1131 2963 pietate
1186 2896 1194 2913 “

112 2988 231 3032 omnes
251 2964 351 3028 arrimi
371 2966 420 3027 sui
444 2964 530 3024 vires
552 2959 588 3021 ad
612 2961 815 3041 laudandam,
833 2971 866 3024 et
885 2961 1131 3049 praedicandam

110 3053 179 3118 Dei
220 3072 296 3132 erga
326 3070 388 3112 nos
424 3048 614 3127 singularem
657 3049 899 3110 beneficentiam
931 3048 1132 3111 *convertet*

112 3133 332 3225 [convertat],
364 3155 426 3220 quo
460 3133 551 3217 plura
573 3133 702 3206 salutis,
733 3155 768 3197 ac
790 3136 898 3196 beatae
929 3135 1016 3198 vitae
1042 3133 1133 3217 adju-

111 3236 224 3291 menta
246 3222 340 3284 nobis
361 3218 521 3280 divinitus
540 3216 648 3301 parata
670 3216 732 3280 esse
753 3220 966 3282 intellexerit.
1008 3216 1235 3282 Catho-xvttt.

111 3314 197 3374 licae
228 3309 327 3388 igitur
356 3303 510 3367 Ecclesiae
541 3307 756 3380 sacramenta,
792 3302 1060 3391 quemadmodum
1088 3326 1133 3370 ex
1180 3374 1182 3382 s

112 3395 284 3480 scripturis
319 3392 487 3476 probatur,
520 3390 605 3465 etu)
625 3387 756 3450 I'atrum
790 3391 965 3467 traditione
998 3388 1037 3452 ad
1069 3410 1132 3453 noe

113 3479 286 3569 pervenit,
310 3490 342 3538 et
357 3477 393 3554 v)
414 3471 635 3535 Conciliorum
661 3473 786 3536 telletur
806 3476 995 3554 auctoritas,
1024 3479 1133 3563 septe·

112 3567 211 3633 nario
231 3582 365 3627 numero
386 3559 519 3622 delinita
538 3563 622 3624 sunt.
643 3558 687 3644 -l-

118 3714 567 3737 W

151 3799 203 3871 15)
221 3801 269 3852 ltu
283 3795 389 3866 Aldu,
403 3795 496 3870 lugd.
514 3805 559 3858 1.‚
584 3793 638 3848 eat.
656 3804 698 3859 1.‚
723 3792 828 3851 Anto„
852 3792 933 3861 Ven.;
957 3791 1016 3848 rell.
1033 3791 1134 3851 uncta

152 3921 192 3992 u)
210 3919 323 3989 Septem
347 3937 396 3988 ea,
423 3936 493 3991 quae
518 3922 669 3973 etiamnum
699 3916 779 3970 Ceth.
797 3914 873 3972 Eccl.
901 3916 1062 3985 profitetur,
1088 3915 1132 3970 sa·

150 4011 238 4048 cram.
253 4010 296 4060 ap.
314 3992 422 4045 uultum
440 3995 617 4059 antiquorum
641 3986 697 4042 1‘1‘.
723 3991 858 4052 inueniri,
880 3984 925 4042 sed
943 3990 1031 4041 multo
1044 3987 1133 4041 serius

152 4078 236 4135 etque
254 4062 362 4116 uotiuisi
375 4061 470 4116 sensim
484 4065 666 4130 irrprimisque
680 4061 763 4113 Petro
781 4058 878 4113 Lomb.
890 4060 1001 4115 demum
1019 4071 1133 4112 auctore

152 4141 227 4191 iuter
246 4133 391 4186 sollemnes
410 4133 476 4186 fidei
499 4132 632 4186 articulos
650 4130 684 4183 ab
702 4132 778 4184 Ecol·
802 4142 911 4200 recepte
927 4129 995 4196 else,
1019 4129 1132 4199 pervul-

152 4218 215 4275 gata
234 4202 272 4259 eft
288 4223 321 4257 uo
338 4208 401 4257 trita
420 4221 472 4258 rer·
493 4229 526 4246 -
570 4202 604 4271 r)
621 4199 753 4258 Scholasi.
776 4200 903 4256 doctores
924 4202 1023 4255 deinde
1042 4200 1134 4266 secuta

152 4278 217 4332 suut
227 4276 359 4341 Concilio,
376 4279 532 4346 interquae
547 4275 670 4329 Floreat.
687 4273 740 4327 hac
754 4279 784 4326 iu
797 4291 828 4327 re
844 4277 961 4336 ominem
984 4290 1009 4326 r.
1026 4274 1136 4340 Eugeu.

154 4353 206 4407 lv.
224 4349 300 4404 decr.
316 4349 351 4402 ad
365 4347 478 4405 Armeu·
495 4347 538 4418 (p.
549 4351 602 4409 137
611 4343 680 4416 sqq.)
716 4344 772 4401 Sed
779 4346 836 4416 jam
845 4356 908 4419 aute
920 4342 991 4399 illud
1006 4349 1026 4406 7
1043 4341 1136 4401 stur.
