2542 4898
43 394 87 417 ,Ι
788 402 916 447 .,
1111 418 1185 437 .-

184 606 263 691 344
312 588 747 679 clauum-tan
794 530 1139 675 minumum
1246 548 1255 563 ἱ

66 758 73 775 ¹
114 750 119 757 Ι
186 788 322 885 perinde
336 804 373 853 ee
388 783 513 853 omne
524 784 720 883 nonlltfut,
739 782 845 885 quire
856 780 1013 883 ipiaboe
1023 786 1206 849 mit-¹²

187 889 257 940 tum
278 875 402 938 utiliter
417 885 625 961 percepturus
646 870 699 945 eli,
714 882 855 951 gratiam
870 879 964 931 antee
974 868 1121 957 adeptue,
1131 862 1208 933 ioe-

186 963 245 1025 rit.
288 959 424 1025 conta·
440 957 530 1023 euim
557 954 825 1044 quemadmodum
851 952 990 1023 mortulo
1014 955 1207 1042 emporibus

186 1048 333 1111 naturale
359 1045 549 1109 alimentum
579 1042 666 1105 nibil
695 1039 915 1127 prodeb,6te
942 1040 1043 1105 etiem
1067 1040 1207 1117 euituee,

190 1152 272 1219 quae
293 1130 411 1217 spiritu
441 1150 509 1192 non
529 1128 638 1202 vivit,
670 1131 754 1192 lacre
782 1122 926 1207 mysterio
947 1146 1016 1191 nou
1045 1122 1208 1211 prodelle·

187 1238 224 1279 ac
247 1202 416 1302 bropterea
438 1213 548 1299 panio,
569 1223 601 1277 et
622 1211 732 1276 vinis
753 1212 854 1277 eciem
875 1207 1015 1287 babent,
1044 1222 1082 1275 ut
1104 1210 1209 1293 ligui-

189 1303 318 1378 licetur,
340 1321 408 1364 non
428 1298 558 1386 quidem
579 1319 715 1361 revoeen
738 1319 775 1360 ee
796 1296 835 1377 ed
857 1296 961 1359 vitem
978 1297 1124 1376 animae,
1149 1292 1209 1361 red

189 1387 228 1451 in
248 1384 574 1449 viteeonlervandee
595 1386 685 1447 ce'uia
708 1383 850 1447 inditate
868 1378 943 1445 elie.

20 1528 24 1533 .
127 1487 180 1531 ut.
251 1470 379 1536 Verum
401 1471 463 1533 hoe
483 1467 559 1532 ideo
583 1468 704 1533 dictum
724 1470 783 1545 etl,
803 1467 956 1557 quonium
976 1462 1207 1553 prime-etiem

188 1557 291 1637 gretie
312 1559 326 1637 (
349 1575 388 1619 ue
410 1574 523 1618 omnen
549 1552 714 1641 praeditos
742 1550 806 1618 elie
833 1562 981 1638 oportet,
1007 1562 1083 1617 ante
1108 1572 1208 1639 quatu

187 1645 308 1705 sacram
327 1578 556 1705 bucheristiem
578 1662 634 1703 ore
654 1639 842 1715 continuere
860 1634 1007 1711 audeant,
1026 1658 1070 1702 ne
1086 1634 1125 1715 Ι)
1138 1635 1210 1723 ju·

179 1721 405 1815 'dieium'stbi
424 1721 654 1801 manducent,
684 1732 721 1799 et
736 1718 873 1807 bibant)
891 1721 1019 1787 nemini
1039 1722 1208 1802 tribuitur,

68 1816 72 1823 '
187 1810 249 1874 utfi
269 1812 454 1897 hoeipiuut
478 1812 708 1874 lucrementum
727 1798 902 1885 deiiderio,
933 1819 967 1873 et
993 1818 1074 1871 voto
1095 1808 1209 1895 porei·

187 1897 258 1981 piet
271 1895 331 1977 ⁴⁵).
384 1890 435 1959 llll
463 1897 552 1958 enim
579 1897 725 1959 omniurn
745 1898 1013 1961 ferramentorum
1039 1894 1138 1974 tinio,
1167 1903 1209 1961 et

188 1982 405 2047 ecelefiesticae
420 1981 579 2053 unitatis,
605 2000 642 2043 ae
661 1979 896 2064 conjunctionis
915 1979 1116 2060 symbolum:
1141 1998 1209 2043 ne-

212 2088 251 2131 ue
288 2080 380 2132 extra
411 2065 581 2129 Eccleiiam
619 2066 771 2153 consequi
803 2064 938 2145 gretiam
970 2065 1058 2129 ollue
1089 2063 1207 2154 potest.

106 2181 114 2200 ·
223 2153 333 2230 einde,
362 2153 514 2237 quoniam
544 2151 591 2212 uti
618 2172 733 2236 corpus
762 2152 835 2214 cibo
856 2150 995 2214 naturali
1024 2172 1092 2215 non
1121 2169 1207 2214 oon·

189 2241 334 2301 Iervatur
356 2237 471 2310 inodo,
502 2236 672 2299 sedetiam
696 2250 847 2316 augetur,
882 2235 1046 2322 gustusque
1083 2258 1206 2300 novam

190 2324 336 2408 quotidie
369 2343 410 2384 ex
443 2343 481 2383 eo
506 2322 725 2406 voluptatem,
760 2333 792 2382 et
824 2322 1011 2385 suavitatem
1044 2322 1205 2406 percipit3

188 2408 234 2468 ite
257 2410 353 2471 etiam
375 2411 478 2470 sacrae
498 2405 707 2468 Eucharistiae
738 2407 825 2468 cibus
850 2430 916 2469 non
935 2409 1040 2469 l'olum
1060 2409 1205 2471 anienem

189 2496 360 2572 sustentat,
390 2492 442 2555 led
463 2493 551 2554 vires
584 2492 635 2553 illi
658 2490 765 2566 addit,
788 2491 968 2577 efficitque,
1004 2506 1037 2553 ut
1070 2495 1205 2578 spiritus

188 2575 371 2641 divinarum
389 2599 497 2640 rerum
517 2577 726 2639 delectatione
747 2579 859 2657 magis,
881 2600 915 2639 ac
928 2575 975 2658 44)
995 2579 1099 2658 tnagis
1115 2601 1207 2641 corn·

188 2678 377 2727 moveatur:
416 2665 457 2725 ob
483 2683 553 2725 eem
574 2667 696 2726 causam
713 2664 767 2737 fit,
800 2675 834 2724 ut
855 2664 989 2742 gratiam
1014 2665 1077 2726 hoc
1101 2664 1205 2728 lecre-

79 2796 86 2815 ,
188 2761 297 2811 mento
323 2749 435 2823 tribui,
464 2759 571 2826 reete,
603 2760 636 2810 et
659 2750 818 2811 venislime
850 2749 983 2811 dicatur.
1015 2751 1085 2830 jure
1114 2752 1205 2815 enim

188 2854 323 2895 munnae
345 2834 521 2918 comparari
543 2834 663 2917 potell,
693 2855 735 2896 ex
770 2855 833 2919 quo
864 2836 895 2912 ⁸)
924 2833 1036 2896 omnia
1063 2831 1204 2921 superio

78 2914 349 3002 anurnfnavitae
371 2920 619 3005 percipiebatur.
673 2917 811 2982 Remitti
830 2940 908 2981 vero
928 2918 1141 2996 Eucharistiae,
1172 2931 1205 2984 et

189 3004 364 3066 condonari
397 3005 521 3065 leviore
544 3015 685 3088 peccata,
719 3025 798 3092 quae
830 3005 972 3067 venialia
993 3004 1059 3067 dici
1087 3006 1202 3084 solent,

188 3109 255 3152 non
278 3090 423 3174 estquod
445 3089 584 3150 dubitari
605 3088 727 3151 debeat.
768 3087 960 3176 Quidquid
989 3092 1078 3153 enim
1107 3093 1203 3178 aupi-

188 3171 301 3236 ditatis
329 3174 442 3235 ardore
470 3175 576 3236 anima
604 3176 723 3247 emisit,
754 3168 830 3237 dum
864 3177 931 3237 levi
958 3177 1066 3263 eliqua
1099 3177 1135 3240 in
1169 3199 1202 3241 re

188 3279 300 3343 perum
332 3257 487 3334 offendit,
520 3269 623 3320 totum
656 3259 689 3321 id
712 3257 759 3338 4⁵)
788 3259 996 3336 Euclrarillia,
1034 3282 1089 3324 eae
1117 3265 1203 3347 ipsae

137 3394 142 3405 .
187 3344 331 3405 minores
368 3344 478 3427 culpas
506 3345 708 3423 abstergens,
746 3346 896 3408 rellituit:
934 3347 1204 3433 quemadmodum

188 3429 285 3491 etiam
305 3430 424 3515 (neque
436 3428 523 3491 enim
535 3450 552 3490 a
564 3432 727 3514 propolite
746 3431 956 3494 limilitudine
974 3433 1204 3500 discedendum

188 3511 332 3591 videtur)
352 3512 436 3601 quod
459 3515 559 3576 innati
580 3516 696 3579 caloris
712 3517 747 3580 vi
768 3519 912 3602 quotidie
934 3518 1135 3596 detrahitur,
1168 3543 1203 3584 ae

189 3597 330 3684 deperit,
367 3601 523 3687 puulatim
556 3599 647 3677 addi,
683 3615 716 3666 et
744 3605 833 3665 refici
867 3605 1005 3665 naturali
1044 3605 1202 3669 alimento

188 3685 354 3748 sentimus.
416 3682 527 3768 Quare
548 3687 664 3749 merito
686 3710 704 3750 e
725 3686 765 3752 D.
789 3685 959 3751 Atnbrolio
983 3690 1023 3751 de
1044 3689 1108 3752 hoo
1132 3714 1204 3755 cae-

99 3766 102 3780 '
188 3769 257 3832 ledi
280 3771 481 3834 sacramento
510 3770 631 3835 dictum
659 3774 720 3835 ott:
738 3773 770 3852 ι1)
792 3770 849 3836 Ille
871 3776 963 3858 panis
990 3776 1203 3860 quotidianus

187 3854 322 3921 sumitur
354 3855 390 3920 in
417 3856 597 3921 remedium
625 3857 829 3946 quotidianae
850 3859 1064 3925 infirmitatis.
1130 3861 1205 3927 Ve-

224 4063 273 4125 43)
293 4063 339 4110 Ita
361 4074 471 4131 praeter
496 4066 574 4118 Clem.
597 4065 680 4119 etiarn
706 4066 771 4120 Vm.
805 4074 834 4117 et
859 4067 954 4138 Meg-5
986 4064 1076 4124 Aldd.
1100 4077 1130 4119 et
1148 4068 1205 4124 rett.

224 4136 387 4198 percipient·
405 4160 438 4174 ··
480 4141 528 4199 ab)
545 4143 647 4208 megia,
663 4154 695 4189 ae
713 4155 762 4188 om.
781 4137 846 4189 ΑΜ.
860 4145 904 4198 2.,
927 4136 1018 4209 Lngd.
1029 4147 1074 4199 1..
1103 4141 1206 4203 Col.1.‚

223 4203 312 4259 deod,
330 4205 501 4263 Lov.,1‘'nbr.
518 4237 554 4249 -··
589 4214 636 4273 45)
652 4209 681 4261 ld
700 4227 748 4260 om.
766 4208 840 4262 eund.

225 4309 548 4375 n)1C0r.11‚29·-
588 4314 818 4380 a)Sa1r·16‚2e·
843 4341 880 4357 -
925 4316 955 4383 b)
973 4314 1011 4372 cs.
1029 4315 1158 4384 (Amba.)
1174 4318 1209 4373 de

224 4381 300 4437 sacr.
322 4384 354 4439 V»
372 4389 399 4446 4·
417 4391 498 4445 ⁰025·
517 4384 624 4454 (ndis
641 4384 691 4455 fil)
997 4409 1000 4413 ’
