2542 4898
1061 400 1067 418 Ι

188 631 294 729 -Gaqa
316 630 376 705 Ill.
416 630 485 704 ·De
506 610 664 705 leoubdo
689 640 892 733 praecepto.
1004 642 1078 718 505

63 816 163 881 cendi
198 817 361 879 licentiam
396 816 603 878 vehementer
639 840 783 883 coercere
814 821 918 897 solen
961 819 1079 893 idcirco
1177 882 1180 887 .

65 902 251 978 i'acochua,
279 914 312 963 ut
335 902 503 963 hominurn
525 902 654 966 animae
672 906 773 985 anagia
793 916 996 990 permoveat,
1029 917 1082 985 at·

65 1011 132 1074 que
152 987 200 1073 ed·
222 989 283 1048 boc
305 999 508 1071 praeceptum
541 990 730 1053 laevandum
765 986 892 1053 facilius
925 991 1082 1074 impellat,

67 1079 203 1135 atteram
225 1074 315 1134 illius
337 1085 474 1156 partem,
512 1084 544 1133 et
575 1076 658 1158 quali
680 1075 888 1161 appendicem
909 1074 1083 1154 diligenter
1136 1088 1146 1108 ‘

68 1159 258 1244 explicabit.
303 1163 333 1231 ⁸)
356 1154 431 1220 Nec
452 1153 544 1218 enim
565 1153 702 1223 babebit
717 1161 887 1245 insontem
909 1157 1083 1223 Dominae

69 1265 168 1318 erana,
223 1241 261 1306 ni
280 1239 504 1330 attemptarit
525 1261 645 1305 nornen
668 1238 814 1307 Domini
833 1242 904 1307 Dei
917 1241 982 1326 sni
995 1240 1085 1328 fru-

62 1327 153 1415 stra.
196 1263 245 1391 dc
267 1335 405 1413 primum
427 1325 557 1410 quidem
577 1326 706 1391 doceat:
739 1335 857 1394 lurrarna
886 1330 1010 1390 ratione
1032 1325 1160 1392 sat-xxx·

72 1427 158 1476 ctum
189 1412 269 1486 elie,
304 1426 336 1476 ut
369 1412 443 1473 buic
473 1425 641 1495 praecepto
679 1416 785 1477 minae
816 1415 1085 1496 adjungerentur:

72 1522 136 1584 quo
159 1500 288 1588 quidem
311 1511 342 1561 et
360 1498 479 1581 peccati
500 1501 650 1576 gravitas,
671 1512 704 1561 et
722 1501 755 1563 iu
777 1522 837 1563 noe
851 1499 913 1562 Dei
937 1499 1086 1580 benigni-

76 1598 122 1646 tae
143 1585 341 1665 agnoscitur:
376 1584 521 1667 quicum
551 1588 579 1662 ¹)
602 1586 773 1648 honunum
802 1585 983 1669 perditione
1019 1604 1085 1647 nrm

73 1671 268 1746 delectetur,
303 1692 343 1732 ne
375 1669 470 1754 ipsius
499 1669 600 1745 icatn,
629 1681 661 1731 et
683 1671 889 1734 offenliouem
911 1672 1087 1746 subeamus,
1127 1724 1128 1729 ,

46 1828 52 1835 ‚
76 1758 167 1820 bieco
187 1756 376 1820 salutaribus
394 1754 492 1815 ruinis
512 1775 572 1816 noe
587 1753 736 1832 deterret,
757 1756 915 1819 nimirum
937 1766 971 1817 ut
991 1755 1086 1817 illurn
1179 1759 1181 1763 ’

76 1843 270 1907 banormum
292 1842 420 1926 potiue,
442 1860 535 1925 quam
557 1842 674 1904 iratum
696 1844 909 1927 experiamur.
968 1837 1179 1924 Urgeatxxxr.

76 1929 163 1991 hunc
191 1928 298 1988 locum
320 1924 441 2001 Pastor,
473 1924 626 2012 instatque
659 1931 782 1991 summo
812 1926 927 2002 studio,
961 1937 996 1987 ut
1023 1946 1088 2009 po·

77 2015 175 2101 polae
202 2011 329 2075 [celeria
354 2011 552 2101 ¹grauitatem
584 2015 764 2092 agnoscat,¹
782 2025 814 2075 et
841 2011 921 2074 illud
955 2009 1088 2072 detelle·

77 2113 129 2164 tur
162 2097 410 2184 vehementiae,
444 2107 476 2158 et
511 2096 544 2158 in
576 2117 615 2159 eo
647 2094 799 2163 evitando
827 2097 977 2180 majorem
1007 2093 1088 2157 dili·
1150 2120 1153 2125 ·

76 2184 236 2269 gentiam,
276 2195 308 2245 et
343 2180 521 2245 cautionem
553 2180 709 2246 adhibeat.
769 2180 915 2245 Ostendat
943 2191 1090 2267 praeter·

77 2292 115 2336 ea
144 2278 261 2358 quanta
291 2269 328 2330 lit
352 2268 521 2330 bominum
550 2270 739 2394 qaroclivitas
768 2266 805 2331 ad
834 2268 897 2331 hoc
926 2276 1092 2351 peccatum

77 2354 362 2428 committendumg
396 2365 430 2415 nt
462 2374 529 2416 non
567 2352 601 2440 4)
622 2353 698 2418 satie
727 2349 827 2417 fuerit
860 2355 964 2433 legem
995 2347 1090 2429 serre,
1203 2363 1209 2384 ¹

77 2440 137 2505 nili
168 2442 264 2502 etiam
297 2442 403 2502 minae
430 2438 631 2502 adderentur.
694 2438 886 2502 Incredibile
916 2438 1002 2498 euim
1039 2436 1091 2513 est,

76 2538 232 2615 quantum
262 2525 338 2587 baec
366 2527 518 2604 cogitatio
541 2523 588 2605 2⁵)
614 2525 762 2587 utilitatis
794 2525 916 2585 lrabeat.
952 2543 1025 2582 narn
1056 2530 1092 2583 ut

76 2614 164 2677 nibil
187 2632 285 2698 aeque
306 2621 417 2685 nocet,
446 2622 539 2696 atque
561 2612 685 2672 incauta
705 2608 858 2696 quaedam
879 2607 980 2671 animi
1001 2608 1092 2669 iecu-

77 2700 179 2761 ritae:
211 2696 255 2758 ita
289 2696 438 2781 propriae
471 2696 703 2757 imbecillitatis
740 2695 882 2774 cognitio
916 2692 1092 2777 plurimum

77 2782 215 2871 predati.
258 2780 341 2842 Tum
364 2779 444 2842 illud
467 2782 564 2842 etiam
586 2780 732 2854 declaret,
755 2780 881 2841 nullum
897 2798 915 2840 a
931 2777 998 2838 Deo
1021 2795 1093 2837 cer-

76 2880 150 2933 tum
168 2862 362 2953 supplicium
379 2865 580 2927 constitutum
602 2860 706 2942 soille,
729 2863 779 2927 sed
803 2875 925 2926 teritum
945 2861 1093 2923 universe

76 2954 211 3028 minari,
232 2954 421 3037 quicumque
442 2956 475 3014 le
499 2952 689 3013 hocicelere
711 2949 921 3019 adstrinxerit,
940 2968 1007 3008 uon
1028 2946 1095 3008 im·

76 3041 325 3127 penulatorum.
347 3046 541 3122 quapropter
556 3037 681 3099 diversa
698 3034 864 3121 supplicia,
885 3033 998 3119 quibua
1010 3026 1194 3116 quo-x'xxu.

75 3124 161 3188 tidie
172 3124 351 3202 affligimur,
374 3117 469 3213 bujue
483 3122 602 3207 peccati
620 3119 998 3184 admonerenoedebent.
1020 3115 1098 3179 binc

76 3211 170 3275 enim
192 3204 285 3270 facile
307 3209 383 3268 licet
403 3208 575 3290 conjicere,
598 3208 747 3270 horninee
769 3227 804 3269 ea
828 3225 863 3268 re
882 3205 918 3267 in
939 3201 1096 3264 maximae

78 3296 277 3359 calamitates
298 3287 456 3368 incidere,
489 3293 572 3378 quod
598 3293 669 3355 lruic
692 3303 861 3377 praecepto
880 3310 948 3352 non
970 3291 1097 3351 obtem·

79 3392 209 3469 parent.
231 3380 344 3465 quibua
373 3376 428 3437 libi
449 3379 637 3462 propositis,
665 3380 822 3438 cautiores
851 3395 908 3437 eos
937 3370 971 3436 i'n
992 3372 1097 3457 poste·-

80 3490 155 3530 rmn
172 3461 245 3526 iore
273 3462 444 3524 verilimile
465 3463 515 3523 att.
540 3461 688 3524 ‘Fideles
710 3464 826 3548 itaque,
849 3459 954 3522 sancto
979 3462 1098 3519 timore

85 3551 263 3638 perterriti,
285 3549 373 3610 ornni
398 3545 496 3608 [ludio
512 3559 675 3630 peccatum
694 3547 755 3609 hoc
777 3543 912 3625 lugiunt.
936 3562 1009 3604 nam
1030 3540 1097 3622 tib)

84 3637 193 3700 ornaris
217 3635 307 3698 verbi
336 3634 430 3695 otioli
462 3635 496 3694 in
524 3643 670 3693 extremo
692 3632 811 3711 judicio
835 3625 992 3691 reddenda
1014 3625 1097 3687 ratio

82 3723 145 3796 οὓς
182 3721 258 3807 quid
289 3720 328 3781 de
358 3718 551 3798 gracillimis
584 3718 752 3779 l'celeribue
791 3712 979 3786 dicendum,
1020 3698 1098 3796 {trae

82 3829 233 3888 inagnum
269 3805 379 3867 divini
408 3803 552 3869 neminie
582 3801 827 3887 despicientiam
856 3788 1098 3886 praeseferunt

85 3972 526 3989 -t—-ffl

119 4068 167 4131 24)
186 4063 273 4116 solum
292 4059 355 4113 odd.
373 4057 465 4124 Febr„
485 4062 549 4123 Van.
566 4089 602 4102 -
644 4061 694 4126 25)
711 4059 797 4128 huju·
813 4059 899 4128 cogit.
916 4053 1021 4112 Anto..
1040 4048 1095 4104 cot.

118 4143 165 4197 3.,·
187 4137 247 4202 ejue
265 4134 390 4202 cognitio
411 4131 477 4190 Vm.

121 4206 152 4273 a)
172 4206 224 4259 Ex.
242 4210 292 4263 ιο,
309 4219 330 4258 ι.
350 4201 387 4256 cr.
406 4201 487 4257 Deua.
505 4205 531 4264 5.
550 4216 586 4257 ιι.
604 4228 638 4241 -
687 4201 715 4268 a)
733 4198 805 4257 Tob·
821 4205 854 4268 3,
873 4215 913 4259 ιι.
933 4198 998 4268 Sap.
1015 4202 1042 4263 1,
1060 4211 1096 4254 n·

119 4303 155 4316 ··
191 4275 220 4342 b)
240 4273 336 4328 Mflilh·
354 4281 403 4335 122
422 4291 458 4336 ³6.
