2542 4898
232 626 431 736 ‘cap.⁸lv..
471 635 529 706 De
563 636 669 705 tertio
705 634 867 709 articulo.
997 650 1071 720 143

55 835 160 890 meten
180 821 263 901 Dei,
298 832 330 886 ot
351 820 497 885 bominis
524 820 699 898 diceretur,
758 820 820 885 uod
854 820 982 887 eodem·
999 844 1072 888 mo·
1166 834 1170 843 “

55 921 169 976 mente
196 909 321 984 Deum
352 919 386 970 et
411 907 579 985 bominem
607 908 740 993 concepi
768 918 810 971 et.
864 906 936 971 Hoc
963 921 1089 974 nutem>

55 999 94 1060 eb
114 997 232 1076 angelo
257 994 290 1058 oi
311 993 519 1074 fignificotum
541 993 598 1066 nt,
629 1014 700 1056 cum
721 996 783 1056 ait:
807 991 840 1074 b)
877 990 967 1058 Ecce
988 1015 1070 1056 con·

55 1080 166 1169 cipico
184 1080 223 1143 in
240 1089 358 1151 mero,
384 1087 419 1140 ot
436 1076 557 1163 panico
570 1073 713 1162 filium,
735 1089 770 1142 ct
793 1072 929 1140 vocnbie
948 1079 1071 1142 nomen

54 1168 132 1253 ejuc
164 1153 309 1229 cncum'c
336 1160 394 1225 hio
421 1161 492 1225 crit
520 1182 693 1248 magnae,
722 1173 758 1226 et
774 1156 883 1245 filim
913 1159 1072 1250 oltiffimi

54 1245 248 1315 vocabitur.
302 1246 345 1311 Et
368 1259 485 1309 evento
506 1250 748 1332 comprobatum
768 1249 826 1323 est,
858 1247 941 1333 quod
971 1250 1071 1312 lt'eiee

54 1335 241 1426 praedixit:
254 1341 287 1416 c)
303 1331 392 1396 Ecce
403 1329 506 1416 uirgo
520 1330 705 1415 concipiet,
721 1342 755 1395 et
764 1329 1018 1418 porictfilium
1028 1333 1071 1413 7).

54 1421 148 1486 Idem
183 1439 311 1509 quoque
340 1415 524 1495 Elisabeth,
556 1439 627 1480 cum
655 1420 771 1503 spiritu
801 1424 908 1481 sancto
934 1422 1071 1505 replete,

55 1509 120 1569 filii
142 1504 208 1570 Dei
228 1524 326 1569 conce
353 1504 473 1566 tionem
495 1503 725 1575 intellexiste,
755 1504 808 1565 bie
830 1505 938 1566 verbio
962 1508 1072 1569 declu-

55 1593 162 1654 ronit:
186 1590 218 1669 d)
260 1588 314 1654 Ua
341 1585 439 1651 choo
456 1585 561 1665 miti,
586 1596 627 1649 ut
645 1588 763 1652 veniat
791 1596 904 1651 mater
922 1585 1071 1654 Domini

55 1675 125 1740 mci
146 1673 197 1738 od
223 1674 305 1738 me?
360 1671 423 1735 Sed
450 1672 717 1767 quemadmodum
744 1670 861 1735 Christi
886 1695 1003 1761 corpue
1024 1690 1108 1741 exx.

55 1759 237 1848 purissimie
257 1758 484 1838 integerrimae
508 1759 647 1839 virginis
676 1762 882 1840 sanguinibus
911 1760 983 1829 fine„
1004 1765 1072 1827 ulle

56 1849 125 1910 viri
148 1867 264 1931 opero,
284 1855 321 1907 ut
341 1847 433 1907 antea
453 1844 617 1919 diximus,
637 1865 751 1907 verum
772 1845 838 1908 [ele
851 1844 983 1928 spirituo
996 1854 1072 1912 sen·

56 1935 101 1996 cti
123 1933 247 1994 virtute
268 1923 443 1993 fermotum
463 1929 520 1992 est:
558 1931 602 1990 ito
624 1932 740 2009 etiam,
766 1941 801 1992 ut
822 1920 962 2015 primum
992 1955 1075 1998 con-

57 2028 172 2103 ceptue
202 2017 261 2089 eii,
295 2015 387 2077 illios
411 2014 518 2078 enimn
538 2016 730 2078 uberrimam
760 2015 894 2101 spiritus
920 2015 984 2079 Dci
1014 2040 1073 2082 co-

56 2105 167 2192 piam,
189 2114 284 2190 etque
305 2110 434 2164 om'nem
455 2100 678 2164 charismatum
695 2101 920 2174 abunduntiam
938 2105 1071 2192 occepit.

58 2208 170 2274 neque
200 2185 310 2258 enim,
344 2199 376 2248 ut
402 2187 477 2248 eliis
513 2187 714 2264 bominibus,
750 2188 805 2275 qui
828 2189 1008 2267 sanctitate,
1038 2203 1070 2253 ot

56 2275 162 2356 gretie
184 2283 356 2348 ornentur,
384 2270 398 2332 i
412 2269 447 2356 fi
465 2268 515 2333 ad
534 2269 752 2356 mensuram,
786 2283 821 2335 ut
845 2273 971 2336 testetur
996 2282 1071 2340 l'en·

58 2373 126 2423 ctue
147 2357 290 2421 Jonnnee
313 2368 353 2432 ⁶,
422 2352 552 2419 tDeoc
572 2352 759 2441 spiritum
780 2357 833 2421 ted
850 2380 978 2422 omnem
995 2383 1072 2444 gne-

58 2448 136 2508 tiem
158 2457 225 2507 tem
255 2441 419 2505 effluenter
447 2441 482 2503 in
503 2441 569 2522 ejus
589 2444 727 2505 enimam
751 2440 893 2522 infudit,
923 2441 1000 2530 utf)
1029 2446 1071 2512 de

54 2526 279 2616 plenitudine
301 2526 377 2612 ejus
403 2546 465 2588 noc
493 2546 607 2589 omnen
635 2527 877 2612 acceperimzec.
904 2533 946 2613 -ὶ-

60 2660 144 2751 [Qu.
155 2674 187 2736 5.
208 2661 270 2729 An
290 2660 443 2746 Christus
458 2658 531 2725 dici
543 2658 752 2751 poffitfiliuc
770 2663 842 2733 Dei
859 2665 1072 2752 adoptione?

124 2775 283 2841 Christum
300 2796 366 2839 non
388 2770 479 2855 licet]
505 2773 632 2860 *Neque
657 2776 782 2839 temen*
796 2775 825 2859 8)
846 2779 952 2845 fitium
967 2780 1030 2844 Dei
1041 2786 1072 2865 t)
1153 2817 1161 2836 .

59 2863 252 2950 adoptivum
279 2860 442 2947 appellere
471 2860 593 2937 *licet*,
625 2865 772 2947 quemvis
798 2865 946 2950 spiritum
979 2869 1074 2930 illum

60 2949 229 3022 habuerit,
259 2968 321 3032 quo
348 2945 447 3009 suncti
475 2946 626 3009 homines
657 2949 800 3012 filiorum
830 2949 893 3013 Dei
921 2951 1074 3038 adoptio·

59 3058 135 3099 nem
149 3037 395 3119 consequuntur.
416 3053 490 3093 nem
508 3054 578 3093 cum
593 3044 705 3095 netum
720 3035 808 3098 filine
821 3034 885 3098 Dei
908 3038 961 3113 iit,
989 3040 1087 3123 edos

60 3122 186 3206 ptionie
212 3119 363 3198 gretiam,
386 3128 440 3178 eut
459 3137 579 3182 nomen
604 3120 641 3183 in
669 3142 744 3185 eum
772 3123 947 3188 convenire
980 3127 1073 3188 nulio
1109 3110 1121 3139 '

61 3207 159 3271 modo
182 3203 427 3269 existimandum
448 3202 499 3266 eli.
520 3206 563 3285 -)-

62 3337 142 3426 [Qu.
164 3342 197 3410 6.
227 3332 325 3417 Quid
344 3331 439 3397 circa
459 3333 613 3420 primam
633 3334 781 3399 articuli
804 3346 944 3422 partem
967 3360 1075 3427 prae-

181 3468 194 3480 ,.
229 3419 330 3507 cipue
353 3416 593 3482 meditandum
615 3419 686 3506 est?

123 3530 176 3595 Ex
190 3529 258 3615 his]
283 3529 385 3593 *Haec
399 3526 501 3608 funt*,
523 3551 601 3616 qum
620 3529 659 3593 de
681 3529 871 3625 admirabili,
885 3535 1128 3621 conceptio-xi.
1143 3559 1166 3600 e.

66 3668 508 3689 Ν

95 3751 133 3818 7)
151 3762 180 3803 et
197 3747 341 3803 nocebitur
359 3764 459 3801 nomen
477 3750 538 3813 ciue
556 3747 719 3800 Emmanuel
736 3765 769 3797 cx
787 3745 845 3816 Iso.
868 3746 931 3799 odd.
957 3749 1023 3802 Vm.
1039 3778 1074 3790 .-

95 3825 130 3891 ὃ)
149 3824 248 3891 Neque
265 3825 339 3874 onim
356 3818 448 3891 Lugii.
463 3827 489 3878 2.
757 3826 761 3832 ·
1038 3854 1040 3859 .

96 3941 132 4010 b)
158 3941 225 3996 Luc.
243 3949 275 4001 1.
293 3957 320 3998 et
339 3937 378 4008 [q.
401 3968 435 3978 —
468 3939 499 4006 c)
529 3935 578 3990 tta.
596 3944 629 3996 7.
652 3952 686 3992 tt.
705 3963 738 3977 -··
773 3937 805 4004 d)
829 3938 896 3992 Luc.
918 3950 950 4000 1,
978 3960 1017 4002 ⁴³.
1040 3972 1075 3983 ..

98 4018 127 4077 e)
145 4014 241 4074 Joa‘,3,
253 4028 289 4071 ³⁴.
308 4038 343 4050 -
361 4010 393 4077 i)
411 4009 451 4061 ib.
469 4018 494 4068 1,
509 4024 543 4065 ιε.
558 4035 593 4046 -
606 4007 643 4075 g)
662 4007 749 4064 Hiler.
767 4008 801 4062 de
820 4016 884 4064 triu·
901 4016 950 4076 Vl,
970 4015 1075 4084 23iqq.

99 4087 141 4151 (ρ.
155 4088 210 4144 118
220 4081 295 4150 sqq.)
311 4083 408 4148 cyrill.
427 4082 504 4133 Hier.
518 4091 569 4131 on.
580 4087 623 4137 11.
648 4097 674 4131 ιι.
689 4088 715 4138 2.
734 4079 782 4146 (p.
796 4083 874 4149 119.)
902 4084 987 4142 Cone.
1009 4087 1074 4140 Art-

99 4161 169 4208 min·
188 4159 216 4206 iu
237 4156 329 4211 damu.
347 4153 439 4206 Ariou·
458 4153 533 4204 haer·
551 4152 593 4217 (9.
606 4151 684 4216 300.)
711 4151 838 4206 Ambros.
860 4155 894 4208 de
916 4155 970 4208 fido
995 4160 1015 4221 i,
1028 4167 1074 4218 19.

99 4228 142 4293 e·
158 4224 238 4290 469.)
261 4225 335 4292 Aug.
363 4240 407 4290 eo·
422 4229 482 4285 140-
508 4237 568 4280 oc.
597 4220 638 4287 (u.
653 4223 730 4284 322)
758 4224 838 4293 teng.
860 4228 893 4279 ut
915 4226 992 4279 Tur.
1016 4245 1074 4294 rec.
1154 4226 1157 4233 '

99 4297 153 4362 ΙΙΙ,
172 4303 192 4357 3
208 4294 249 4365 iq·
274 4299 314 4362 (p.
325 4301 361 4355 52
375 4296 425 4363 lq.)
448 4295 565 4362 Greger.
578 4293 645 4345 Noz.
664 4309 707 4358 cp.
726 4303 751 4351 1.
767 4294 800 4346 m
820 4296 934 4352 Cledou·
948 4300 986 4365 (ρ.
996 4300 1074 4365 739.)

99 4369 163 4423 JOR·
182 4368 265 4420 ssm-
280 4368 315 4420 de
330 4365 386 4418 fide
412 4365 486 4418 Orth·
505 4367 555 4418 Νι
569 4368 595 4422 8.
620 4361 662 4430 (p-
680 4367 738 4424 258
756 4363 807 4432 sq.)
842 4368 928 4423 Cone,
947 4372 1077 4423 Francos,

100 4456 127 4492 ι.
142 4445 208 4503 791.
230 4453 292 4491 cm·
305 4446 332 4498 1.
357 4434 399 4502 (ρ.
411 4437 489 4504 909.)
513 4433 598 4489 conc.
621 4435 703 4487 Rom.
723 4451 748 4486 ι.
764 4443 827 4502 799.
851 4439 895 4508 (ρ,
917 4447 989 4505 1029
1006 4439 1075 4508 sqq.)

101 4509 225 4565 Gratim.
239 4508 271 4564 P.
289 4516 318 4569 2·
336 4506 416 4561 muse
428 4514 473 4568 29
499 4514 565 4575 ma·
588 4521 614 4560 ο.
627 4512 671 4570 39.
702 4508 724 4572 1.
738 4510 782 4568 61.
