2542 4898
385 620 389 631 ¹
474 628 668 704 Praelatio.
787 604 795 613 ’
1000 630 1074 726 109

61 811 239 903 praepofiti
252 890 255 897 Ι
270 816 361 896 lunt,
386 812 425 881 ad
447 818 483 883 le'
500 812 664 905 pertinere
683 808 918 881 exttttmatuut.
953 816 999 882 eli
1015 837 1077 881 au-

63 912 129 964 tem
154 902 237 964 llaec
266 902 448 966 admonitio
477 902 514 966 in
552 902 639 964 hunc
674 899 817 963 modum.
868 905 900 983 ⁸)
920 900 1077 967 Attende

63 983 228 1062 lectioni,
266 985 519 1064 exhortationi,
554 994 590 1048 et
627 982 823 1050 doctrinae
849 983 884 1056 Β)
914 985 959 1071 est
987 988 1077 1053 enim

64 1068 178 1133 omnio
190 1069 381 1157 scriptura
405 1070 579 1135 divinitus
607 1067 785 1156 inspirato
817 1068 919 1133 utilia
947 1072 996 1136 ad
1014 1072 1078 1137 do-

15 1216 20 1235 ,
64 1152 225 1232 cendum,
244 1155 294 1219 od
314 1153 546 1241 arguendum,
568 1150 617 1215 acl
636 1152 906 1237 corripiendum,
926 1156 976 1219 ad
996 1178 1078 1221 eru-

65 1236 236 1304 diendum
256 1238 296 1303 in
325 1239 331 1252 '
348 1239 463 1325 stitia,
484 1249 526 1302 ut
542 1233 721 1325 perfectus
735 1234 785 1322 sit
806 1237 904 1301 homo
927 1237 1007 1318 Dei,
1031 1240 1080 1307 od

65 1343 165 1387 omne
191 1346 280 1411 opue
347 1346 431 1388 num
456 1321 655 1410 instructus.
711 1322 772 1384 Sed
795 1327 963 1410 quoniam,
997 1336 1142 1415 quae'xx.
1192 1360 1198 1377 ι

66 1408 368 1483 ‹livinitusuadiu
398 1405 543 1485 luerurit,
587 1409 688 1469 multe
716 1413 804 1485 lunt,
837 1422 870 1473 et
902 1412 1008 1490 varia,
1044 1424 1080 1477 ut

66 1516 123 1557 nec
144 1496 193 1559 ita
210 1491 306 1561 lecile
326 1506 379 1559 out
400 1496 509 1559 animo
528 1492 770 1578 comprehendi,
788 1506 840 1556 aut
859 1498 957 1559 etiam
973 1511 1081 1563 mente

67 1582 317 1666 comprehense,
337 1581 494 1645 memoria
515 1582 618 1643 teneri
640 1577 772 1666 pollint,
805 1591 940 1660 ut,cu1n
962 1588 995 1646 le
1020 1587 1081 1647 ob-

66 1667 183 1730 tulerit
204 1667 343 1731 docendi
360 1668 495 1743 orufio,
525 1685 637 1730 eorum
658 1676 766 1750 parata
787 1665 842 1747 lit,
870 1679 904 1730 et
931 1682 1080 1757 prompte

13 1814 17 1825 ,
67 1753 268 1838 explicati03
295 1751 525 1839 snpientillime
560 1751 696 1833 majores
726 1750 824 1815 nostri
857 1762 958 1817 tutem
999 1755 1081 1819 haue

67 1840 158 1916 vim,
193 1848 229 1903 et
266 1840 423 1901 rationem
460 1837 609 1902 salutaria
641 1835 826 1910 doctrinae,
858 1838 895 1902 in
930 1851 1081 1927 quattuor

21 1954 24 1959 ·
68 1923 148 1987 haec
161 1923 267 2011 cupita
287 1923 460 2002 redactam,
479 1923 722 1993 distribuerunt,
743 1922 972 2008 Apollolorum
984 1925 1082 2007 Sym-

68 2010 191 2088 bolum,
222 2008 439 2084 Sacramenta,
476 2007 689 2083 Decalogum,
720 2003 923 2072 Dominicam
955 2012 1081 2073 oratio·
1145 2018 1150 2025 '

68 2116 157 2157 nem.
192 2115 267 2157 nam
288 2096 408 2171 omnia,
429 2115 508 2181 quae
530 2096 572 2172 ¹³)
595 2091 787 2154 Chrillianae
810 2094 888 2157 fidei
909 2095 1161 2181 disciplinam

68 2178 205 2243 tenenda
225 2184 318 2257 sunt,
338 2182 405 2242 live
425 2180 463 2265 ed
486 2177 548 2241 Dei
564 2180 803 2259 cognitionem,
823 2182 889 2242 live
909 2182 946 2243 ad
968 2180 1081 2245 mundi

68 2267 288 2344 creationem,
307 2278 341 2329 et
360 2265 642 2346 gubernationem,
671 2267 736 2326 live
756 2262 794 2324 ad
818 2265 951 2329 humani
980 2289 1081 2347 gene-

67 2353 113 2414 ris
136 2349 394 2436 redemptionem
415 2354 573 2437 spectent,
601 2351 666 2412 five
688 2349 725 2411 ad
748 2351 906 2414 bonorum
928 2355 1081 2437 praemia,

68 2437 282 2499 etmalorum
303 2456 426 2522 poenas
447 2436 645 2523 pertineant,
667 2433 815 2515 Symboli
834 2436 978 2500 doctrina
1001 2461 1083 2501 con-

68 2521 228 2585 tinentur.
271 2519 364 2603 Quae
385 2532 491 2584 eutem
512 2523 598 2601 ligna
619 2526 709 2596 lunt,
731 2531 762 2582 et
782 2530 941 2606 tamquam
964 2524 1173 2592 inllru-xxn.

67 2619 179 2671 menta
199 2606 238 2669 ad
262 2606 406 2671 divinam
425 2607 559 2687 gratiam
580 2603 842 2691 consequendam,
864 2608 941 2669 haec
960 2612 1083 2694 leptem

64 2697 336 2771 sacromentorum
358 2692 504 2755 doctrina
527 2692 760 2776 complectitur.
801 2689 872 2753 lam
895 2714 971 2754 vero
997 2715 1181 2779 quaem,

64 2778 104 2841 ad
128 2780 220 2861 leges
243 2774 445 2854 reseruntur,
465 2800 601 2865 quorum
616 2782 646 2854 ⁰)
669 2777 746 2837 fictis
766 2776 807 2837 ett
828 2778 987 2852 charites,
1014 2779 1083 2842 Da-

66 2866 185 2946 calogo
207 2858 466 2949 descripta-lunt.
521 2860 688 2946 Quidquid
715 2861 854 2947 denique
875 2865 913 2925 ab
934 2863 1184 2932 homini-mv.

66 2951 127 3015 bue
151 2951 275 3036 optari,
294 2949 432 3035 sperari,
460 2969 495 3010 ac
513 2949 693 3012 salutariter
714 2950 782 3034 peti
827 2948 917 3022 ollit,
947 2946 981 3010 id
1011 2947 1084 3011 Do-

65 3036 190 3100 minice
222 3036 406 3120 precatione
438 3034 735 3120 comprehenditur.
790 2969 899 3115 &unce
932 3035 1086 3121 sequitur,

67 3133 122 3200 ut,
156 3121 341 3205 explanatio
368 3118 520 3206 quattuor
548 3119 601 3180 his
624 3121 708 3204 quali
731 3122 952 3182 communibus
983 3126 1086 3183 tarrae

67 3208 246 3293 scripturae
274 3206 374 3275 locis,
409 3204 496 3266 nihil
525 3198 650 3265 ferend
687 3226 798 3266 eorum
826 3206 1086 3286 intelligentiam,

68 3315 151 3381 quae
161 3289 340 3355 Christiano
355 3290 483 3353 homini
499 3288 643 3352 discenda
657 3289 914 3367 lunt,deliderari
926 3290 1034 3377 potrit.
1044 3291 1085 3370 ‹l-

65 3402 153 3499 [Qu.
170 3403 335 3503 13.·Quo
356 3403 547 3551 praecipue
572 3401 727 3501 methodo
759 3413 904 3468 utentur
931 3396 1088 3468 Peroe-lii

226 3512 265 3554 m
289 3510 354 3577 exp
370 3486 494 3553 icardo
516 3486 757 3575 EuangelcoP]

129 3601 262 3690 *Itaque
284 3602 389 3666 nilum
423 3600 464 3662 est
491 3622 624 3664 monere
644 3599 826 3675 Pal-ochos,
859 3598 923 3676 ut,*
955 3600 1199 3685 quotieemm·

66 3694 127 3755 ulo
149 3690 299 3762 venerit,
330 3698 367 3749 ut
389 3686 471 3770 [illi]
493 3688 633 3771 aliquem
662 3687 915 3770 interpretentur
934 3683 1084 3763 Euange-

66 3777 128 3853 lii,
151 3776 208 3839 vel
228 3772 377 3861 quemvis
403 3773 503 3835 elium
530 3772 663 3835 divinae
683 3774 857 3855 scripturae
876 3771 1004 3846 locum,
1030 3771 1087 3832 in·

65 3861 221 3942 telligent
252 3859 320 3941 ejus
351 3858 438 3932 loci,
470 3856 660 3944 quicumque
688 3859 717 3918 is
747 3854 863 3932 suerit,
895 3855 1086 3920 sententiam

68 3948 185 4010 cadere
202 3946 257 4008 tub
272 3964 373 4006 unum
390 3943 520 4029 aliquod
555 3957 681 4006 uottuor
696 3944 829 4005 illorum
842 3945 992 4026 capitum,
1006 3960 1087 4026 quae

68 4031 226 4107 diximus,
249 4052 323 4116 quo,
338 3966 553 4114 tamquamad
569 4029 637 4111 ejus
659 4027 823 4093 doctrinae
846 4021 978 4102 sontem,
999 4025 1087 4111 quod

68 4110 1088 4283 lillltlttlltlt'ltlsslltStttlsttll‘altili

550 4247 569 4281 δ

105 4355 156 4423 13)
174 4371 212 4409 ex
229 4318 294 4409 add.
312 4354 398 4423 Aug„
414 4352 490 4423 illog-
508 4376 543 4393 ··
570 4350 626 4418 14)
644 4351 801 4420 explicand·
817 4349 892 4404 eard.

105 4454 137 4519 a)
156 4464 169 4515 ¹
187 4455 303 4514 Time.
322 4470 357 4513 ta·
383 4476 418 4491 -
455 4448 491 4518 t)
509 4458 527 4510 2
543 4450 618 4503 Tim.
644 4456 671 4515 3.
689 4448 772 4518 telq.
796 4475 830 4490 ·-
855 4448 1089 4515 021Tlm.l',e·

106 4552 143 4565 -
169 4524 199 4589 d)
226 4527 312 4580 Juxta
340 4520 419 4578 ulum
439 4523 623 4577 deruentium·
909 4534 914 4541 ·
