2542 4898
488 616 683 714 Praelatio.
749 614 752 623 ’
1009 646 1084 724 107

70 811 214 879 lectione
235 806 397 902 pender03
426 803 601 897 Apostolus
631 813 748 880 deinde
769 812 983 897 conllrniarit,
1005 818 1086 883 cltess

71 903 201 965 ritatem
223 900 289 964 elie
312 901 343 975 t)
364 898 463 959 linem
483 902 663 988 praecepti,
684 924 719 966 ac
735 900 769 981 ¹¹)
790 904 874 983 legia
902 898 1086 989 plenitudiq

71 1006 168 1063 necn5
192 987 339 1049 dubitare
359 1002 453 1045 nemo
477 985 593 1065 potest,
614 988 677 1049 hoc
699 1000 856 1050 tatntuam
878 989 1086 1075 praecipuum

72 1093 208 1147 munus,
234 1071 324 1135 omni
345 1066 514 1147 diligentia
535 1070 708 1135 curandum
729 1013 809 1157 allia,
834 1086 866 1135 nt
888 1074 995 1136 fidelis
1021 1060 1087 1160 pol

73 1158 167 1243 pulos
188 1155 231 1218 ad
251 1151 439 1220 itnntenletn
459 1149 522 1219 Dei
542 1178 616 1236 erga
637 1180 697 1220 nos
723 1159 899 1221 bonitatem
919 1160 1086 1224 amandam

73 1244 251 1320 excitetur,
271 1264 307 1305 ec
329 1238 443 1301 divino
459 1238 594 1323 q'uoclatn
617 1243 730 1307 ardore
753 1245 916 1320 incenlus,
937 1244 975 1307 etl
998 1250 1088 1309 lum-

73 1350 161 1391 mum
195 1327 281 1393 illud
303 1336 335 1388 el
356 1319 619 1410 perfectillitnutn
641 1330 759 1390 bonum
780 1332 936 1415 rapiatur,
954 1331 1007 1392 cui
1027 1330 1087 1392 atl-

73 1415 226 1488 haerere,
255 1410 411 1484 solidam,
438 1418 482 1469 et'
499 1433 608 1476 vecatn
642 1408 829 1477 felicitatem
852 1414 915 1478 elle
938 1416 967 1478 ie
990 1416 1087 1500 plane

73 1501 208 1575 sentiet,
267 1499 300 1561 ui
321 1495 402 1557 illud
433 1492 613 1583 Pro'phetaa
634 1498 740 1562 dicere
761 1502 898 1584 poterit:
932 1497 958 1578 ¹)
989 1496 1089 1580 Quid

15 1642 19 1653 ,
75 1582 167 1647 enim
186 1522 279 1647 anili
305 1576 352 1669 esl
378 1577 415 1642 in
444 1581 554 1658 caelo,
586 1592 621 1647 el
642 1604 665 1645 a
694 1592 729 1646 le
748 1582 833 1670 qnid
862 1582 956 1648 volni
974 1582 1087 1669 supet·

74 1666 241 1732 terram?
281 1665 368 1730 Haec
387 1663 541 1732 nimirum
566 1668 607 1731 est
626 1665 659 1746 Ιι)’
681 1664 740 1731 via
764 1666 829 1731 illo
855 1666 1088 1747 excellentior,

75 1774 167 1839 quam
198 1751 288 1816 idem
317 1750 490 1835 Apostolus
508 1752 533 1835 ι)
570 1754 816 1832 detnonllravit,
853 1774 924 1815 cum
954 1775 1086 1817 omnem

27 1872 30 1909 ;
75 1838 251 1915 doctrinae,
273 1850 306 1901 et
327 1836 537 1901 institutionis
559 1843 631 1902 luae
646 1840 805 1903 nationem
827 1839 864 1901 ed
888 1834 1089 1917 charitatem,

76 1946 154 2011 qnae
185 1928 229 2002 ΙΙ)
259 1940 448 2009 numquam
483 1922 633 2001 excidit,
675 1924 846 2005 dirigeret:
890 1922 967 1986 Sive
999 1925 1088 2007 enim

21 2060 24 2065 .
77 2007 280 2083 credendum,
299 2008 365 2070 live
381 2006 580 2095 iperanducn,
596 2009 663 2072 five
685 2011 841 2091 agendum
862 2007 985 2095 aliquid
1007 2031 1089 2095 pro-

76 2105 226 2181 ponetur,
246 2095 293 2155 ite
310 2094 345 2155 in
365 2113 404 2155 eo
426 2097 551 2181 semper
571 2095 709 2159 charitat
725 2094 860 2158 Domini
880 2095 975 2156 nollri
998 2102 1089 2156 cotn-
1155 2106 1158 2111 '

77 2180 223 2243 mendaci
245 2179 347 2248 debet,
370 2189 403 2239 ut
417 2180 524 2265 quivis
544 2178 722 2266 perspiciat,
744 2187 778 2260 ¹¹)
801 2179 908 2244 omnia
929 2174 1090 2264 perlectae

79 2264 274 2328 Christianae
302 2265 435 2326 virtutis
471 2286 567 2350 opera
601 2287 669 2329 non
700 2266 844 2343 aliunde,
877 2286 970 2352 quam
995 2287 1012 2327 a
1035 2265 1089 2327 di-

77 2353 218 2415 lectione
238 2360 345 2411 ortum
372 2350 505 2426 habere,
536 2370 639 2414 necue
660 2352 699 2416 ad
721 2354 821 2416 alium
844 2354 961 2430 linem,
993 2372 1089 2439 quam

77 2437 112 2499 acl
135 2434 351 2499 dilectionem
372 2432 538 2499 reserenda
557 2372 604 2499 eli

77 2568 158 2666 [Qu.
171 2587 221 2647 ιι.
231 2571 291 2671 Aa
306 2570 546 2661 salia'fcceril,
564 2571 724 2663 Pastorea
738 2570 787 2637 acl
799 2570 885 2636 cluoe
901 2569 981 2635 illoc
996 2566 1091 2657 finee

233 2668 327 2721 mter
347 2658 535 2723 docendum
557 2657 726 2744 respicere
735 2652 769 2749 2]

135 2774 221 2840 Cum
243 2773 385 2837 *autem*
410 2771 551 2835 inomni
570 2791 605 2833 re
621 2770 772 2834 tradenda
787 2771 963 2856 plurimum
986 2771 1157 2833 inter-xvc
1168 2790 1204 2831 ιι.

74 2861 122 2937 fit,
144 2874 257 2924 utrum
280 2860 352 2934 ltoc,
371 2878 419 2927 en.
431 2860 492 2921 illo
515 2854 612 2918 modo
629 2858 751 2943 aliquid
770 2857 901 2935 doceas3
920 2869 989 2919 tum
1010 2876 1091 2919 vero

77 2950 138 3009 hoc
159 2949 197 3009 in
216 2944 386 3008 Christiani
408 2944 523 3029 populi
556 2941 754 3004 institutione
775 2945 910 3005 maximi
934 2942 1093 3005 momenti

77 3031 322 3098 existimandum
359 3028 409 3092 est.
463 3025 664 3090 Observanda
699 3029 739 3091 eli
774 3030 862 3092 enim
891 3028 1092 3092 audientium

77 3132 179 3195 aetas,
200 3118 387 3200 ingenium,
408 3134 525 3190 mores,
547 3114 714 3187 condicio;
737 3129 770 3177 at
811 3117 844 3177 ui
865 3114 1001 3177 <locandi
1017 3132 1093 3177 tnu-

78 3224 139 3270 nus
184 3214 331 3272 exercet,
368 3198 398 3282 ο)
429 3200 535 3262 omnia
575 3201 724 3262 omnibns
761 3220 778 3262 e
816 3202 932 3273 cietur3
974 3210 1008 3261 ut
1051 3210 1087 3261 et

87 3294 119 3370 e)
136 3309 254 3353 oannes
278 3286 399 3349 Christo
422 3280 610 3361 lucrifaciat,
630 3298 661 3347 et
676 3290 706 3348 le
723 3287 827 3370 iplum
839 3290 870 3367 a)
883 3286 1012 3348 fidelem
1024 3286 1092 3347 tni-

77 3376 231 3448 nillrutn,
252 3384 285 3434 et
304 3372 554 3457 dispensatorem
577 3373 712 3456 probare
735 3370 850 3457 pellit,
885 3392 919 3432 ac
933 3374 962 3450 x)
988 3370 1091 3432 veluti

76 3467 191 3525 lervue
213 3461 331 3533 bonne,
354 3469 386 3518 et
413 3457 539 3532 fidelia,
573 3459 688 3537 dignus
709 3457 764 3532 lit,
800 3456 855 3543 qui
876 3460 969 3540 lupen
990 3456 1090 3517 attulta

77 3548 284 3609 constituetur
306 3564 325 3605 a
346 3540 502 3605 Domino.
544 3540 653 3627 Neque
675 3562 753 3603 vero
775 3545 871 3604 unius
889 3553 1011 3603 tantuin
1033 3555 1181 3620 θωνα.

76 3636 167 3696 neris
200 3630 351 3691 homines
380 3628 459 3691 fidet
490 3633 563 3691 luae
594 3627 778 3690 cotnmillos
812 3626 876 3688 elie
910 3628 1091 3703 arbitretur,

77 3732 111 3779 ut
131 3717 330 3803 praescripta
352 3713 504 3801 quadam,
533 3726 565 3776 el
587 3726 671 3776 certa
696 3712 833 3774 docendi
855 3707 993 3773 formula
1016 3732 1092 3772 eru-

77 3802 171 3877 dire,
192 3814 287 3886 atque
309 3799 346 3862 ad
367 3821 474 3862 veram
496 3801 649 3885 pietatem
670 3798 832 3859 inllituece
859 3817 958 3883 aeque
980 3814 1095 3859 omnes·
1117 3819 1121 3827 ·

78 3890 195 3952 fideles
219 3883 592 3971 polii13aedcu1nalii,
618 3895 641 3957 ⁸)
665 3885 768 3946 veluti
788 3883 885 3946 modo
908 3884 1011 3962 geniti
1036 3883 1093 3943 in-

79 3972 188 4036 fantes
209 3976 287 4047 lint,
308 3972 368 4033 alii
387 3974 423 4032 in
455 3968 576 4032 Glnillo
599 3970 777 4032 adolescere
800 3970 975 4057 incipiant,
1006 3988 1094 4031 non-

78 4062 165 4124 nulli
188 4078 270 4121 varo
293 4057 429 4143 quodam
451 4055 548 4119 tuedo
580 4057 766 4119 confirmata
793 4057 854 4118 lint
879 4066 1001 4131 aetate,
1034 4074 1092 4116 na·

115 4282 150 4349 g)
169 4288 185 4341 1
201 4280 279 4333 Tim.
297 4287 323 4340 1,
341 4295 363 4335 ⁵·
381 4306 416 4320 -
433 4278 473 4348 h)
490 4280 571 4332 ttom.
590 4283 633 4341 tt,
652 4295 688 4332 to·
706 4275 769 4330 Gal.
784 4278 810 4339 5,
829 4289 865 4330 14.
883 4304 920 4316 -
944 4272 968 4338 l)
984 4270 1030 4325 Pl.
1047 4276 1094 4330 72·

113 4350 552 4419 eso-lt)1Cor·12‚et.-
578 4350 772 4417 l)1Coc.13.
791 4372 826 4388 -
854 4348 897 4417 cn)
916 4345 954 4399 ib,
972 4361 998 4397 v.
1016 4360 1093 4400 a.-
1193 4378 1196 4383 ·

112 4424 152 4493 n)
170 4426 211 4478 cl'.
229 4422 333 4482 ib016‚
351 4437 385 4478 ιι.
403 4450 441 4463 -·
459 4422 491 4488 o)
508 4420 547 4475 ib.
564 4428 592 4486 9,
609 4437 648 4477 tte·
675 4427 710 4460 -‘·
729 4420 768 4488 p)
784 4417 824 4471 lb.
842 4435 870 4470 v.
889 4434 917 4473 19
930 4416 987 4485 sqq.
1004 4438 1040 4457 -
1057 4412 1093 4480 q)

112 4495 153 4554 ib.
171 4502 198 4558 t.
219 4512 230 4551 ι
249 4492 289 4563 lq.
307 4520 342 4535 -
354 4496 380 4559 a>
397 4494 497 4551 Matth·
512 4499 557 4559 25,
573 4509 612 4551 aa·
631 4516 662 4531 -
683 4492 912 4555 c)1t’etr.·.t,2.
