2542 4898
800 605 806 623 Ι
862 562 878 599 Ι

131 756 237 829 ῑψν
335 725 586 827 Prolegomena
609 723 772 800 historica
797 708 959 832 litera'ria.

130 924 222 996 „trus
233 909 393 1000 Zangrius
405 908 575 974 Tiletanns
588 907 647 997 2ὅ),
669 930 706 973 ea
721 907 838 990 forma,
906 910 1003 975 amin
1020 924 1138 1001 quarto

129 1010 279 1082 ‚,vocaut,
302 1019 385 1084 qnae
407 995 588 1058 ostenditur
607 995 659 1059 nis
684 994 792 1059 notior
822 996 856 1059 Ε
877 1000 913 1060 it.
934 995 1034 1078 Lon,
1057 999 1139 1064 alte-

130 1108 241 1167 „ram‚
273 1104 356 1170 quae
378 1092 411 1167 ty
437 1081 465 1144 is
485 1078 622 1144 Joannis
644 1079 785 1168 Bogardi
807 1080 841 1144 iu
862 1091 975 1146 octavo
997 1084 1137 1173 prodiit,

129 1194 248 1261 „quam
271 1170 332 1233 hoc
355 1103 451 1230 modo
473 1165 636 1231 indicavit
658 1167 749 1231 Edit.
770 1166 964 1269 Lon-Bon.

191 1254 367 1337 „Eamdem
388 1251 595 1317 collationem
628 1251 731 1315 subiit
757 1252 861 1339 prima
894 1252 1015 1334 editio,
1050 1278 1136 1344 quae

127 1365 223 1427 „eum
243 1339 352 1404 indice
379 1337 539 1403 librorum
569 1336 808 1426 prohibitorum
836 1359 921 1401 antro
951 1340 1050 1405 aaut.
1074 1341 1136 1405 Di·

125 1430 256 1516 „lingae
278 1436 388 1490 octava
405 1424 507 1488 forma
522 1423 668 1488 conlecta
690 1423 774 1486 luite
797 1432 866 1486 tom
888 1426 990 1510 quod,
1014 1428 1136 1493 ntrult

127 1514 289 1599 „titulua,
323 1509 364 1575 ad
387 1509 484 1574 fidem
515 1509 709 1598 autographi
730 1507 915 1609 venetique
937 1512 1135 1600 exeniplaris

123 1600 191 1684 „sit
213 1596 388 1675 elaborata,
410 1607 479 1660 tum
500 1593 588 1684 quod
602 1618 619 1657 a
633 1593 798 1681 prioribus
814 1593 1014 1661 editionibus
1034 1620 1133 1686 saepe

125 1686 332 1771 „discrepare
353 1682 489 1745 dicatur.
554 1680 644 1744 Haeo
666 1680 700 1743 in
723 1679 807 1743 serie
829 1679 1024 1746 variantium
1044 1684 1133 1749 sisti·

124 1783 200 1853 „tur
219 1769 270 1833 his
291 1766 400 1831 notis:
423 1766 608 1853 Elicuit.
632 1803 675 1814 —
695 1763 809 1853 (Str.')

143 1847 1133 2026 „illlltlltllllltl'llllllll.ltltllllllt

123 1988 144 2025 n
816 1983 825 2001 ·
1119 1981 1132 2019 a

123 2091 564 2112 ,Μ

157 2173 208 2238 116)
222 2171 265 2223 Ex
283 2170 372 2222 eadem
388 2170 489 2223 ollieina
508 2169 602 2239 prodiit
619 2167 712 2221 editior
736 2169 874 2234 „Canonea
899 2177 928 2221 et
944 2171 1064 2222 Decreta
1078 2173 1133 2222 Sa-

158 2241 291 2292 crosancti
308 2240 462 2292 oecumenici
474 2250 501 2291 et
512 2241 645 2311 generalis
663 2239 770 2291 Concilii
785 2239 943 2294 Tridentini,
978 2240 1130 2293 SubPaulo

158 2315 214 2365 111.
234 2311 307 2363 Julio
326 2314 425 2368 unet
443 2312 493 2363 Pio
510 2314 584 2365 IIII.
618 2307 797 2377 Pontificibua
814 2311 952 2363 Maximis.
987 2313 1083 2362 Omnia
1101 2316 1131 2367 S.

156 2382 228 2434 aedis
244 2383 417 2451 Apostolicae
434 2382 584 2434 autoritate
607 2382 774 2449 confirmata.
810 2382 894 2432 Index
912 2385 1078 2452 Dogmatum
1101 2392 1131 2435 et

155 2453 375 2524 Reformationis.
399 2454 495 2504 Indae
510 2462 604 2505 nostra
612 2453 726 2504 editione
739 2454 889 2504 Romanum
907 2452 1050 2522 exemplar,
1069 2472 1131 2506 cum

155 2523 214 2594 s'Jrso
226 2524 366 2594 originali,
391 2543 493 2576 summa
512 2524 572 2593 fide
597 2523 739 2585 collatam,
763 2542 796 2574 ac
822 2524 869 2574 Pii
885 2526 958 2579 1111.
985 2525 1131 2593 Pontr'ficia

154 2597 235 2651 Max.
253 2596 402 2647 autoritate
421 2596 450 2647 in
467 2596 551 2647 lucem
568 2595 684 2661 editum,
705 2593 827 2662 fideliter
843 2613 936 2647 sumus
961 2593 990 2646 in
1008 2595 1130 2648 omrridua

154 2666 258 2719 secuti:
287 2685 355 2737 quae
375 2685 440 2718 sane
458 2685 538 2738 quarn
558 2666 595 2718 sit
613 2665 723 2736 reliquis
741 2666 917 2732 castigatior,
948 2668 1029 2738 aequi
1044 2676 1072 2717 et
1086 2666 1130 2737 pie·

155 2736 262 2789 lectoris
283 2737 416 2805 judicium
442 2747 506 2793 esto.
542 2739 666 2802 Lotanii,
693 2737 767 2805 Apud
786 2738 922 2789 Petrum
941 2739 1128 2804 Zangrium

154 2807 368 2873 Tiletannm,
386 2809 434 2860 sub
452 2811 543 2864 Fonte.
581 2814 654 2861 Auno
674 2813 750 2860 1561.
787 2809 851 2859 Cum
870 2810 953 2874 gratia
971 2818 999 2861 et
1016 2811 1129 2863 Privilc·

154 2881 200 2946 gio
219 2881 285 2946 (det.
316 2882 444 2932 Bruxellis
461 2897 528 2932 auno
548 2885 625 2931 1564.
645 2879 724 2947 April.
745 2879 801 2943 12.)
829 2879 861 2930 ad
885 2882 973 2931 Annos
995 2881 1054 2932 llll.
1082 2881 1128 2934 l'ol.

155 2950 293 3017 (signatur.
304 2951 344 3015 4.)
354 2978 389 2988 -·
408 2952 526 3003 I'raefixa
539 2957 597 3001 sunt
607 2949 665 3001 huic
680 2949 799 3002 editionic
819 2950 1011 3003 Clniltianorum
1028 2953 1087 3004 Pri
1097 2970 1129 3004 n-

154 3023 268 3090 cipum
282 3021 313 3071 ad
322 3036 422 3072 sacrum
433 3021 574 3072 Concilium
582 3020 654 3072 Trid.
666 3021 770 3072 Literae
778 3027 805 3071 et
816 3021 951 3084 Mandata,
977 3022 1129 3087 Legato-

154 3107 191 3144 ru
201 3109 225 3143 m
235 3093 267 3144 ab
276 3092 364 3143 iisdem
373 3094 506 3145 missorum
517 3090 617 3143 habitae
628 3091 660 3142 ad
671 3091 838 3156 &synodum
847 3092 991 3154 Orationes,
1000 3094 1029 3145 S.
1038 3095 1083 3159 Sy
1094 3110 1127 3145 n-

153 3162 208 3214 odi
228 3162 262 3214 ad
282 3162 384 3214 easdem
395 3162 553 3226 Legatorum
568 3163 712 3226 Orationes,
729 3163 960 3230 Responsa-net
976 3169 1056 3215 multa
1076 3168 1128 3217 alia

154 3232 204 3285 huc
222 3235 391 3300 pertinentia,
410 3249 476 3298 quae
496 3235 521 3285 in
544 3249 617 3285 usum
638 3249 711 3285 suum
729 3241 909 3286 converterunt
922 3234 1084 3287 Labbeus
1099 3244 1127 3290 et

44 3298 47 3305 '
153 3305 351 3357 Harduinus
377 3307 403 3356 in
422 3305 493 3356 Actis
512 3306 745 3358 Conciliorum.-
791 3307 841 3370 27)
861 3306 1044 3371 Antiquissima
1068 3307 1126 3359 edi-

153 3376 252 3428 tionum
270 3376 358 3428 harum
377 3375 583 3442 imperfectamm
609 3377 717 3442 vestigia
743 3377 884 3429 ascendunt
908 3393 990 3443 usque
1017 3379 1050 3430 ad
1078 3394 1127 3431 an-

153 3461 213 3499 uum
234 3451 322 3509 1546„
338 3463 389 3513 quo
408 3447 515 3514 primum
534 3449 649 3513 singulae
670 3448 797 3500 sessiones
815 3464 849 3500 ex
862 3448 1040 3515 typographiis
1053 3451 1125 3501 Ger-

153 3521 259 3570 manicis
272 3519 429 3587 prodierunt.
474 3520 583 3571 Praeter
600 3519 724 3571 editiones
749 3536 764 3571 a
783 3520 868 3572 Platio
895 3522 1011 3572 laudatas
1029 3538 1044 3573 a
1063 3521 1126 3574 viris

152 3588 260 3642 literatis
279 3590 420 3642 afferuntur
438 3586 501 3641 haer
520 3589 550 3656 1)
569 3591 684 3640 Decreta
710 3589 806 3640 tertiae
826 3590 882 3655 (rel
903 3593 989 3658 polius
1008 3601 1125 3659 quartae,

151 3661 226 3727 cujus
245 3662 355 3714 Decreta
380 3660 501 3713 schedula
528 3659 590 3713 haec
607 3662 719 3713 omnium
737 3662 866 3713 rarissima
885 3665 1017 3716 continere
1035 3662 1125 3732 perhi-

152 3731 240 3798 betur)
267 3731 397 3784 Seaaionia
424 3730 533 3782 Concilii
558 3732 723 3795 Tridentini,
749 3737 776 3794 8.
795 3732 902 3799 Aprilis
927 3739 1022 3794 1546„
1049 3736 1078 3785 in
1097 3742 1125 3795 4.

150 3804 206 3856 sine
233 3806 291 3855 loco
309 3811 336 3855 et
359 3817 434 3856 sono.
451 3801 491 3859 Cf.
511 3804 591 3871 Salig.
611 3804 628 3858 1.
646 3804 663 3858 1.
683 3804 716 3858 Τ.
735 3803 756 3855 1.
774 3821 800 3871 p.
819 3807 880 3858 411.
898 3811 951 3857 not
971 3824 998 3874 p.
1016 3832 1053 3845 -
1090 3809 1123 3872 2)

150 3875 225 3925 Acta
254 3872 364 3925 Concilii
389 3871 551 3932 Tridentini,
588 3873 684 3945 quibua
710 3873 794 3924 Bulla
825 3874 977 3926 uenationis
1004 3875 1125 3934 Concilii,

150 3943 294 3995 nonnullae
322 3943 461 3994 Orationes
489 3954 516 3996 et
540 3948 657 3997 Decreta
679 3946 730 3999 IV.
745 3946 866 4015 priorum
883 3946 1035 3998 Seselonum
1060 3965 1125 3999 eon-

150 4013 279 4072 tinentur.
322 4015 493 4082 Antverpiae,
519 4021 597 4069 lato.
616 4017 641 4068 in
659 4019 684 4067 θ.
704 4043 737 4056 -
780 4017 812 4083 3)
830 4015 906 4068 Acta
925 4017 1036 4069 Concilii
1062 4019 1125 4070 Tri-

151 4083 254 4136 dentini
271 4103 298 4140 a.
315 4092 395 4147 1546.
413 4085 547 4153 celebrati,
564 4105 691 4138 unacum
706 4085 925 4137 annotationibus
941 4088 994 4154 piis
1011 4089 1124 4141 ellectu

150 4153 320 4224 digrriasimis.
343 4174 368 4210 a.
390 4160 466 4213 1546.
494 4158 519 4210 in
547 4162 572 4211 θ.
617 4159 787 4211 Continentur
811 4157 858 4210 hac
883 4159 996 4212 editione
1021 4163 1125 4229 priores

149 4229 347 4293 sexseasiooes3
365 4228 455 4281 mirum
471 4244 532 4282 vero
549 4231 575 4282 in
590 4231 693 4283 modum
711 4233 894 4280 Decretum
914 4231 951 4281 de
967 4234 981 4294 j
989 4250 1005 4281 n
1017 4232 1097 4303 stis
1099 4234 1124 4281 ι’-

151 4298 289 4350 cationc
306 4301 390 4367 quoad
408 4300 487 4352 verbs
502 4318 607 4369 prorsus
631 4301 699 4354 aliud
720 4299 761 4353 hic
778 4302 906 4369 legimus,
937 4319 1012 4368 quarn
1033 4305 1058 4355 ln
1078 4320 1125 4356 ce-

150 4369 212 4421 teris
231 4370 402 4427 editionibus,
424 4371 523 4426 orditur
539 4375 620 4427 enlm:
647 4374 736 4438 „Cum
755 4373 816 4425 tuba
834 4375 899 4426 caeli
917 4381 945 4425 et
964 4373 1059 4428 doctor
1079 4390 1126 4428 or-

149 4437 204 4506 bis,
231 4442 337 4497 Paullus
354 4445 507 4514 Apostolos,
539 4446 567 4497 lu
590 4444 715 4498 altisslms
737 4443 782 4498 illa
798 4444 975 4498 Remorum
1000 4447 1125 4516 epistola,

176 4708 185 4737 t
