2542 4898
223 674 297 747 382
372 659 520 734 Cuteoh.
542 660 652 733 Rom.
674 658 781 733 1².st
828 658 888 733 De
909 660 1166 741 Secrementie.
1253 640 1261 645 “

223 844 341 929 oium,
361 855 396 911 et
414 841 611 935 justitiam.-
633 838 709 930 ipse
729 841 887 911 enimam
906 840 1009 926 litote
1026 834 1233 929 eieisioniit.

223 932 274 995 Ao
313 934 423 1022 peuoie
458 929 649 1013 interjectio,
678 926 706 1008 ¹)
727 925 996 1006 convertimini,
1036 929 1165 1016 inquit,
1196 938 1232 993 et

184 1064 188 1071 -
222 1013 322 1102 agite
332 1014 584 1103 poenitentiam
597 1009 642 1077 ab
654 1009 813 1076 omnibne
827 1007 1076 1099 iniqnitatidue
1094 1008 1230 1101 nostrie.-

224 1110 260 1164 et
278 1122 347 1164 non
369 1100 438 1165 erit
459 1094 561 1179 ,nobie
584 1096 623 1161 in
652 1095 794 1161 minum
821 1094 1004 1183 iniquitat.
1062 1094 1231 1182 Prujiutn

224 1205 248 1246 n
267 1181 362 1249 vobio
389 1204 505 1247 omnen
555 1178 847 1245 meminationes
865 1177 1011 1265 vestroe,
1040 1178 1082 1245 in
1110 1174 1231 1268 quidne

222 1266 461 1354 praevaricati
486 1203 594 1350 ostie,
617 1272 651 1328 et
671 1260 783 1348 lenite
808 1261 905 1331 nobie
934 1284 993 1329 eor
1019 1286 1170 1345 novum,
1190 1266 1238 1327 ›et'

221 1350 391 1437 spiritum
412 1371 546 1414 novum·
588 1347 678 1414 Idem
699 1348 960 1429 etiemssttrissoe
982 1350 1137 1415 dominu
1160 1370 1229 1415 nto·

224 1437 349 1511 lieri,t
383 1457 439 1501 uee
467 1435 504 1499 in
525 1434 686 1499 adulterio
707 1432 904 1522 deprehenso
924 1432 982 1510 est,
1013 1435 1155 1522 preetori
1200 1445 1227 1497 t:

225 1526 268 1601 ¹¹¹)
291 1518 334 1587 V
327 1460 403 1599 ade,
424 1520 542 1607 inquit,
561 1531 594 1583 et
609 1519 688 1604 jam
702 1540 761 1583 om
783 1518 856 1584 tim
875 1517 948 1583 noli
957 1539 1116 1605 peeonre.
1171 1532 1228 1585 nu

223 1607 406 1692 paralytico
429 1609 496 1684 ilii,
521 1627 616 1692 quem
643 1603 682 1666 ed
702 1625 763 1692 pto
803 1606 897 1668 tieem
917 1607 1074 1691 piscinam
1099 1626 1229 1671 outone·

223 1691 465 1770 1·ut,¹¹)Ecoe,
501 1692 565 1767 eit,
588 1688 705 1775 saone
724 1685 846 1772 suntne
865 1710 920 1753 ee.-
946 1687 1029 1777 jnm
1047 1688 1125 1753 noli
1154 1710 1229 1777 peo-

111 1793 315 1841 eexuionre.
383 1776 444 1839 Sed
467 1789 577 1838 notura
614 1796 678 1861 quo
702 1795 742 1837 uo
774 1775 861 1862 ipra,
898 1784 932 1837 et
958 1774 1041 1837 retio
1070 1776 1172 1861 plene
1186 1772 1229 1855 ¹⁹)

223 1860 414 1940 ostendunt,
435 1860 498 1923 duo
519 1861 577 1922 iile
593 1858 640 1938 ⁵⁰)
660 1794 701 1922 ed
721 1861 952 1924 contritionem
974 1857 1037 1924 effe
1057 1860 1097 1923 in
1118 1860 1228 1948 primii

221 1945 410 2019 necess'erie,
429 1946 577 2009 dolorem
595 1944 715 2010 scilicet
739 1944 861 2045 nocenti
881 1944 1022 2021 odiniffi,
1051 1954 1087 2007 et
1108 1966 1229 2033 propo·

93 2051 105 2064 ·
221 2032 315 2093 titum
336 2031 595 2117 cautionemque,
631 2050 672 2092 ne
704 2028 782 2115 quid
808 2027 993 2113 hujusmodi
1013 2029 1050 2093 in
1074 2030 1230 2115 poderem

221 2116 453 2179 committetutt·
488 2114 568 2178 Nem
591 2113 646 2200 qui
666 2115 768 2177 emico
791 2116 993 2178 reconciliari
1015 2116 1117 2193 velit,
1163 2136 1228 2181 uem

223 2201 341 2282 injurie
369 2202 475 2284 eliqua
498 2200 660 2272 effecerit,
692 2211 724 2260 et
755 2199 862 2262 dolent
897 2213 1040 2286 oportet,
1075 2138 1162 2287 quod
1198 2201 1228 2263 in

224 2305 298 2348 eum
332 2286 502 2368 injuriosus
534 2296 566 2348 et
586 2286 836 2348 contumeliosus
858 2282 976 2362 suerit,
999 2297 1035 2348 et
1058 2285 1238 2371 diligenter.

224 2372 351 2455 reliquo
372 2383 518 2455 tempore
545 2369 733 2456 provident,
772 2391 812 2432 ne
842 2392 900 2455 que
934 2372 967 2434 in
1001 2392 1035 2433 re
1056 2375 1229 2436 amicitiem

222 2454 342 2520 leefiffe
364 2456 532 2519 videntur:
549 2475 628 2541 quen
648 2453 709 2517 duo
735 2455 950 2518 obedientiam
973 2455 1154 2539 adjunctum
1174 2459 1230 2519 he·

224 2543 339 2617 beent,
367 2540 489 2604 neceffe
510 2540 561 2602 et.
594 2541 759 2603 hominem
783 2543 869 2603 enim
892 2543 976 2621 legi,
1008 2544 1075 2605 five
1097 2542 1230 2606 netuteli

224 2639 258 2689 et
278 2625 427 2704 divinae,
450 2628 515 2688 five
537 2627 715 2703 humanae,
738 2627 851 2710 quibus
873 2626 1026 2707 subjectus
1046 2628 1101 2705 est,
1123 2648 1228 2715 petere

224 2711 386 2777 convenit.
429 2709 577 2793 Quarefi
598 2712 672 2796 quid
698 2714 868 2796 poenitens
888 2713 981 2774 elteri
1002 2734 1062 2797 pet·
1087 2715 1167 2787 vim,
1181 2722 1229 2775 eut

225 2818 284 2881 per
308 2794 451 2860 fraudem
473 2797 613 2873 abstulit,
636 2796 781 2872 reflituet,
801 2809 948 2883 oportet:
970 2798 1114 2885 itemque
1132 2802 1227 2861 elicu-

222 2884 273 2961 jue
294 2893 348 2945 eut
368 2882 550 2959 commodi,
583 2892 636 2943 eut
658 2881 756 2946 officii
778 2884 1036 2966 compensatione
1060 2886 1115 2947 illi
1141 2886 1228 2947 setie-

223 2962 341 3044 feciet,
381 2969 467 3050 cujus
495 2966 703 3047 dignitatem,
735 2979 788 3030 eut
822 2971 919 3031 vitum
956 2968 1066 3043 dicto,
1109 2965 1227 3034 factove

224 3054 376 3117 violavit.
395 3056 506 3115 tritum
528 3053 615 3114 enim
639 3053 679 3114 est
701 3054 845 3115 omnium
866 3061 1019 3129 sermone,
1039 3056 1128 3141 quod
1151 3053 1226 3142 apud

223 3142 365 3200 sanctum
386 3135 595 3213 Augutlinutn
617 3139 770 3217 legimus:
789 3144 821 3218 ⁰)
843 3140 936 3215 „Non
960 3141 1139 3204 remittitur
1161 3163 1227 3226 pee-

225 3234 368 3297 ,‚cetum,
399 3223 459 3283 nisi
480 3223 656 3283 restituetur
677 3225 848 3286 ebletum.''
907 3224 1017 3311 Neque
1047 3247 1128 3288 vero
1150 3227 1226 3288 inter

224 3319 345 3379 cetere,
377 3328 456 3390 quoe
482 3307 520 3368 ed
542 3307 771 3370 contritionem
791 3309 933 3373 maxime
953 3309 1139 3395 pertinent,
1170 3312 1227 3374 mi·

224 3413 287 3453 nuu
309 3391 498 3467 diligenter,
520 3403 552 3453 et
574 3391 745 3455 necetrariu
770 3396 942 3457 curandum
963 3395 1023 3471 est,
1056 3409 1111 3473 nt,
1139 3395 1226 3483 quid·

224 3476 302 3562 quid
334 3476 523 3558 injuriarum
548 3478 585 3538 eb
613 3480 711 3540 attero
733 3482 908 3564 acceperis,
937 3480 970 3542 id
993 3490 1100 3545 totum
1121 3481 1226 3544 remit·

225 3573 325 3638 tetur,
359 3582 394 3624 oc
416 3561 626 3629 condonetur.
667 3565 712 3625 ite
740 3564 828 3627 enim
850 3565 1009 3628 Dominus
1032 3580 1066 3629 et
1087 3567 1226 3629 Setvetot

214 3647 329 3710 ‘notior
348 3659 478 3721 monet,
500 3660 594 3733 etque
614 3648 800 3711 denunciet:
827 3655 860 3725 P)
881 3649 921 3713 Si
942 3648 1156 3733 dimiseritis
1173 3649 1226 3714 lto-

224 3728 377 3795 minibne
407 3740 551 3816 peccota
582 3752 718 3796 eornm,-
747 3731 903 3796 dimittet
931 3742 965 3797 et
994 3732 1091 3798 vobio
1127 3734 1227 3800 Patet

224 3814 330 3899 uester
351 3814 502 3903 coelestin
523 3813 652 3879 delicto
675 3812 794 3966 vssra.
840 3816 880 3881 Si
900 3828 1020 3882 nutem
1041 3841 1111 3882 non
1130 3816 1227 3882 dimi·

225 3896 346 3979 (eritie
367 3897 582 3963 nominibus:
610 3922 671 3965 neo
728 3912 806 3966 nter
832 3898 936 3987 vester
964 3902 1125 3969 dimittet
1145 3899 1226 3968 vobis

261 4136 312 4203 29)
331 4137 411 4204 plene
433 4139 512 4203 Van,
530 4139 618 4198 Ante.
637 4158 728 4195 om.-
748 4143 797 4212 30)
807 4144 899 4213 Inepte
918 4143 975 4196 duo
993 4143 1049 4197 elie
1064 4144 1150 4217 Aug,
1162 4143 1224 4211 mg·

262 4257 534 4330 l)ih.v.3osq·-
579 4263 621 4331 m)
640 4263 699 4316 Joe.
725 4270 756 4327 8,
778 4285 813 4322 tt·
838 4296 869 4306 —
917 4266 1162 4335 n)ib.5,1e.-
1201 4266 1224 4319 ο)

263 4333 337 4398 Aug·
356 4347 399 4397 ιΨ·
417 4340 478 4392 153.
501 4334 567 4395 06·
591 4342 672 4395 uto.
702 4335 832 4406 (otoo.)
850 4365 885 4380 ·-
934 4341 966 4407 p)
985 4338 1092 4393 naith:
1107 4344 1136 4406 6,
1154 4352 1178 4394 tt
1194 4335 1223 4403 to,

263 4399 352 4458 Muto
370 4411 413 4470 11,
429 4420 458 4461 eu
478 4404 515 4474 t'q.
