<?xml version="1.0" encoding="UTF-8"?>
<!DOCTYPE html PUBLIC "-//W3C//DTD XHTML 1.0 Transitional//EN"
    "http://www.w3.org/TR/xhtml1/DTD/xhtml1-transitional.dtd">
<html xmlns="http://www.w3.org/1999/xhtml" xml:lang="en" lang="en">
 <head>
  <title>
</title>
<meta http-equiv="Content-Type" content="text/html;charset=utf-8" />
  <meta name='ocr-system' content='tesseract 3.04.00' />
  <meta name='ocr-capabilities' content='ocr_page ocr_carea ocr_par ocr_line ocrx_word'/>
</head>
<body>
  <div class='ocr_page' id='page_1' title='image "./librisymbolicie01stregoog/librisymbolicie01stregoog_0512.png"; bbox 0 0 2542 4898; ppageno 0'>
   <div class='ocr_carea' id='block_1_1' title="bbox 125 603 1116 727">
    <p class='ocr_par' dir='ltr' id='par_1_1' title="bbox 125 603 1116 727">
     <span class='ocr_line' id='line_1_1' title="bbox 125 603 1116 727; baseline 0.023 -50"><span class='ocrx_word' id='word_1_1' title='bbox 125 666 131 677; x_wconf 92' lang='lat'>.</span> <span class='ocrx_word' id='word_1_2' title='bbox 234 605 446 705; x_wconf 53' lang='lat' dir='ltr'>orave</span> <span class='ocrx_word' id='word_1_3' title='bbox 488 603 874 683; x_wconf 65' lang='lat' dir='ltr'>trouu-vumere</span> <span class='ocrx_word' id='word_1_4' title='bbox 1000 624 1116 727; x_wconf 26' lang='lat' dir='ltr'>tar‘</span> 
     </span>
    </p>
   </div>
   <div class='ocr_carea' id='block_1_2' title="bbox 88 752 1080 1128">
    <p class='ocr_par' dir='ltr' id='par_1_2' title="bbox 88 752 1080 1128">
     <span class='ocr_line' id='line_1_2' title="bbox 88 752 1078 878; baseline 0.011 -27"><span class='ocrx_word' id='word_1_5' title='bbox 88 809 113 853; x_wconf 72' lang='lat' dir='ltr'>rs</span> <span class='ocrx_word' id='word_1_6' title='bbox 130 787 335 855; x_wconf 82' lang='lat' dir='ltr'>Iolubcrrirni</span> <span class='ocrx_word' id='word_1_7' title='bbox 368 789 436 855; x_wconf 82' lang='lat' dir='ltr'>olei</span> <span class='ocrx_word' id='word_1_8' title='bbox 454 792 685 877; x_wconf 68' lang='lat' dir='ltr'>sacromentum</span> <span class='ocrx_word' id='word_1_9' title='bbox 705 788 829 870; x_wconf 61' lang='lat' dir='ltr'>taneta}</span> <span class='ocrx_word' id='word_1_10' title='bbox 863 806 895 857; x_wconf 85' lang='lat' dir='ltr'>ct</span> <span class='ocrx_word' id='word_1_11' title='bbox 925 752 1078 878; x_wconf 72' lang='lat' dir='ltr'>religiose</span> 
     </span>
     <span class='ocr_line' id='line_1_3' title="bbox 88 873 1080 964; baseline 0.01 -27"><span class='ocrx_word' id='word_1_12' title='bbox 88 874 122 937; x_wconf 83' lang='lat' dir='ltr'>lri</span> <span class='ocrx_word' id='word_1_13' title='bbox 141 873 421 939; x_wconf 77' lang='lat' dir='ltr'>admiuillrattdum</span> <span class='ocrx_word' id='word_1_14' title='bbox 439 887 569 952; x_wconf 83' lang='lat' dir='ltr'>curent,</span> <span class='ocrx_word' id='word_1_15' title='bbox 598 897 670 940; x_wconf 90' lang='lat' dir='ltr'>cum</span> <span class='ocrx_word' id='word_1_16' title='bbox 701 888 734 941; x_wconf 79' lang='lat' dir='ltr'>et</span> <span class='ocrx_word' id='word_1_17' title='bbox 763 876 867 941; x_wconf 85' lang='lat' dir='ltr'>acrior</span> <span class='ocrx_word' id='word_1_18' title='bbox 896 886 1002 964; x_wconf 77' lang='lat' dir='ltr'>pugno</span> <span class='ocrx_word' id='word_1_19' title='bbox 1023 882 1080 947; x_wconf 87' lang='lat' dir='ltr'>irr-</span> 
     </span>
     <span class='ocr_line' id='line_1_4' title="bbox 88 960 1080 1128; baseline 0.009 -106"><span class='ocrx_word' id='word_1_20' title='bbox 88 960 336 1128; x_wconf 36' lang='lat' dir='ltr'>:zluretssirec</span> <span class='ocrx_word' id='word_1_21' title='bbox 357 983 429 1025; x_wconf 91' lang='lat' dir='ltr'>curu</span> <span class='ocrx_word' id='word_1_22' title='bbox 449 961 571 1040; x_wconf 83' lang='lat' dir='ltr'>animi,</span> <span class='ocrx_word' id='word_1_23' title='bbox 603 971 673 1026; x_wconf 85' lang='lat' dir='ltr'>tum</span> <span class='ocrx_word' id='word_1_24' title='bbox 702 963 849 1049; x_wconf 69' lang='lat' dir='ltr'>corpori·</span> <span class='ocrx_word' id='word_1_25' title='bbox 870 963 1004 1030; x_wconf 82' lang='lat' dir='ltr'>deficere</span> <span class='ocrx_word' id='word_1_26' title='bbox 1025 969 1080 1030; x_wconf 85' lang='lat' dir='ltr'>ri-</span> 
     </span>
    </p>
   </div>
   <div class='ocr_carea' id='block_1_3' title="bbox 88 1202 1079 1377">
    <p class='ocr_par' dir='ltr' id='par_1_3' title="bbox 88 1202 1079 1377">
     <span class='ocr_line' id='line_1_5' title="bbox 88 1202 1079 1297; baseline 0.003 -26"><span class='ocrx_word' id='word_1_27' title='bbox 88 1202 149 1291; x_wconf 72' lang='lat' dir='ltr'>Qu.</span> <span class='ocrx_word' id='word_1_28' title='bbox 170 1214 222 1279; x_wconf 84' lang='grc'>13.</span> <span class='ocrx_word' id='word_1_29' title='bbox 266 1204 343 1287; x_wconf 85' lang='lat' dir='ltr'>ero</span> <span class='ocrx_word' id='word_1_30' title='bbox 360 1203 581 1291; x_wconf 83' lang='lat' dir='ltr'>ministrante</span> <span class='ocrx_word' id='word_1_31' title='bbox 601 1204 663 1273; x_wconf 79' lang='lat' dir='ltr'>troc</span> <span class='ocrx_word' id='word_1_32' title='bbox 682 1204 941 1292; x_wconf 75' lang='lat' dir='ltr'>sacramentum</span> <span class='ocrx_word' id='word_1_33' title='bbox 961 1208 1079 1297; x_wconf 81' lang='lat' dir='ltr'>perci-</span> 
     </span>
     <span class='ocr_line' id='line_1_6' title="bbox 260 1287 542 1377; baseline -0.004 -22"><span class='ocrx_word' id='word_1_34' title='bbox 260 1287 430 1377; x_wconf 82' lang='lat' dir='ltr'>piendum</span> <span class='ocrx_word' id='word_1_35' title='bbox 451 1291 542 1374; x_wconf 74' lang='lat' dir='ltr'>estl]</span> 
     </span>
    </p>
   </div>
   <div class='ocr_carea' id='block_1_4' title="bbox 88 1409 1240 2863">
    <p class='ocr_par' dir='ltr' id='par_1_4' title="bbox 128 1409 1240 1498">
     <span class='ocr_line' id='line_1_7' title="bbox 128 1409 1240 1498; baseline 0.004 -26"><span class='ocrx_word' id='word_1_36' title='bbox 128 1409 218 1473; x_wconf 69' lang='lat' dir='ltr'>¹&#39;Jam</span> <span class='ocrx_word' id='word_1_37' title='bbox 248 1409 353 1485; x_wconf 62' lang='lat' dir='ltr'>verm*</span> <span class='ocrx_word' id='word_1_38' title='bbox 386 1409 457 1496; x_wconf 79' lang='lat' dir='ltr'>quis</span> <span class='ocrx_word' id='word_1_39' title='bbox 478 1424 640 1476; x_wconf 80' lang='lat' dir='ltr'>extremae</span> <span class='ocrx_word' id='word_1_40' title='bbox 659 1412 830 1478; x_wconf 82' lang='lat' dir='ltr'>Unctionie</span> <span class='ocrx_word' id='word_1_41' title='bbox 861 1412 1002 1478; x_wconf 83' lang='lat' dir='ltr'>minister</span> <span class='ocrx_word' id='word_1_42' title='bbox 1030 1415 1240 1498; x_wconf 58' lang='lat' dir='ltr'>anunm„</span> 
     </span>
    </p>

    <p class='ocr_par' dir='ltr' id='par_1_5' title="bbox 88 1491 1079 1757">
     <span class='ocr_line' id='line_1_8' title="bbox 88 1491 1079 1583; baseline 0.005 -25"><span class='ocrx_word' id='word_1_43' title='bbox 88 1497 106 1558; x_wconf 88' lang='lat' dir='ltr'>b</span> <span class='ocrx_word' id='word_1_44' title='bbox 134 1497 246 1558; x_wconf 88' lang='lat' dir='ltr'>eodem</span> <span class='ocrx_word' id='word_1_45' title='bbox 268 1491 444 1582; x_wconf 79' lang='lat' dir='ltr'>Apostolu,</span> <span class='ocrx_word' id='word_1_46' title='bbox 478 1499 533 1582; x_wconf 85' lang='lat' dir='ltr'>qui</span> <span class='ocrx_word' id='word_1_47' title='bbox 555 1496 689 1562; x_wconf 86' lang='lat' dir='ltr'>Domini</span> <span class='ocrx_word' id='word_1_48' title='bbox 715 1500 819 1580; x_wconf 80' lang='lat' dir='ltr'>legem</span> <span class='ocrx_word' id='word_1_49' title='bbox 850 1500 1079 1583; x_wconf 71' lang='lat' dir='ltr'><strong>promulgavit,</strong></span> 
     </span>
     <span class='ocr_line' id='line_1_9' title="bbox 89 1579 1077 1673; baseline 0.009 -30"><span class='ocrx_word' id='word_1_50' title='bbox 89 1580 249 1644; x_wconf 80' lang='lat' dir='ltr'>idicituua.</span> <span class='ocrx_word' id='word_1_51' title='bbox 279 1579 385 1660; x_wconf 78' lang='lat' dir='ltr'>oit19)</span> <span class='ocrx_word' id='word_1_52' title='bbox 406 1581 510 1644; x_wconf 88' lang='lat' dir='ltr'>euim:</span> <span class='ocrx_word' id='word_1_53' title='bbox 542 1587 569 1661; x_wconf 68' lang='grc' dir='ltr'>ι)</span> <span class='ocrx_word' id='word_1_54' title='bbox 588 1581 740 1648; x_wconf 81' lang='lat' dir='ltr'>Induerat</span> <span class='ocrx_word' id='word_1_55' title='bbox 756 1580 985 1670; x_wconf 62' lang='lat' dir='ltr'>presbyterum</span> <span class='ocrx_word' id='word_1_56' title='bbox 1013 1606 1077 1673; x_wconf 86' lang='lat' dir='ltr'>quo</span> 
     </span>
     <span class='ocr_line' id='line_1_10' title="bbox 89 1668 1077 1757; baseline 0.007 -28"><span class='ocrx_word' id='word_1_57' title='bbox 89 1668 200 1730; x_wconf 90' lang='lat' dir='ltr'>omine</span> <span class='ocrx_word' id='word_1_58' title='bbox 234 1688 300 1729; x_wconf 91' lang='lat' dir='ltr'>nou</span> <span class='ocrx_word' id='word_1_59' title='bbox 332 1686 390 1728; x_wconf 83' lang='lat' dir='ltr'>eoa</span> <span class='ocrx_word' id='word_1_60' title='bbox 427 1669 597 1746; x_wconf 84' lang='lat' dir='ltr'>fignificat,</span> <span class='ocrx_word' id='word_1_61' title='bbox 636 1670 692 1757; x_wconf 87' lang='lat' dir='ltr'>qui</span> <span class='ocrx_word' id='word_1_62' title='bbox 723 1680 824 1732; x_wconf 88' lang='lat' dir='ltr'>aetate</span> <span class='ocrx_word' id='word_1_63' title='bbox 856 1670 1077 1756; x_wconf 73' lang='lat' dir='ltr'><strong>provectiores</strong></span> 
     </span>
    </p>

    <p class='ocr_par' dir='ltr' id='par_1_6' title="bbox 88 1750 1079 2012">
     <span class='ocr_line' id='line_1_11' title="bbox 88 1750 1078 1840; baseline 0.003 -25"><span class='ocrx_word' id='word_1_64' title='bbox 88 1762 159 1827; x_wconf 82' lang='lat' dir='ltr'>ont,</span> <span class='ocrx_word' id='word_1_65' title='bbox 189 1750 454 1839; x_wconf 86' lang='lat' dir='ltr'>quemadmodum</span> <span class='ocrx_word' id='word_1_66' title='bbox 477 1753 637 1839; x_wconf 78' lang='lat' dir='ltr'>sapienter</span> <span class='ocrx_word' id='word_1_67' title='bbox 656 1752 849 1817; x_wconf 77' lang='lat' dir='ltr'>Tridentino</span> <span class='ocrx_word' id='word_1_68' title='bbox 875 1753 1025 1835; x_wconf 82' lang='lat' dir='ltr'>Synodua</span> <span class='ocrx_word' id='word_1_69' title='bbox 1041 1754 1078 1840; x_wconf 70' lang='lat' dir='ltr'>lt)</span> 
     </span>
     <span class='ocr_line' id='line_1_12' title="bbox 88 1834 1079 1927; baseline 0.005 -28"><span class='ocrx_word' id='word_1_70' title='bbox 88 1840 220 1923; x_wconf 73' lang='lat' dir='ltr'>:poluit</span> <span class='ocrx_word' id='word_1_71' title='bbox 232 1834 295 1914; x_wconf 77' lang='lat'><strong>2⁰),</strong></span> <span class='ocrx_word' id='word_1_72' title='bbox 324 1848 377 1897; x_wconf 86' lang='lat' dir='ltr'>aot</span> <span class='ocrx_word' id='word_1_73' title='bbox 404 1839 458 1922; x_wconf 87' lang='lat' dir='ltr'>qui</span> <span class='ocrx_word' id='word_1_74' title='bbox 482 1839 514 1900; x_wconf 92' lang='lat' dir='ltr'>in</span> <span class='ocrx_word' id='word_1_75' title='bbox 540 1840 663 1924; x_wconf 89' lang='lat' dir='ltr'>populo</span> <span class='ocrx_word' id='word_1_76' title='bbox 687 1840 866 1927; x_wconf 80' lang='lat' dir='ltr'>principem</span> <span class='ocrx_word' id='word_1_77' title='bbox 887 1840 994 1902; x_wconf 91' lang='lat' dir='ltr'>locum</span> <span class='ocrx_word' id='word_1_78' title='bbox 1017 1843 1079 1904; x_wconf 87' lang='lat' dir='ltr'>ob·</span> 
     </span>
     <span class='ocr_line' id='line_1_13' title="bbox 88 1920 1078 2012; baseline 0.003 -27"><span class='ocrx_word' id='word_1_79' title='bbox 88 1923 194 1996; x_wconf 76' lang='lat' dir='ltr'>luent,</span> <span class='ocrx_word' id='word_1_80' title='bbox 215 1921 267 1986; x_wconf 85' lang='lat' dir='ltr'>led</span> <span class='ocrx_word' id='word_1_81' title='bbox 293 1920 484 1999; x_wconf 67' lang='lat' dir='ltr'>sacerdotes,</span> <span class='ocrx_word' id='word_1_82' title='bbox 513 1925 568 2009; x_wconf 89' lang='lat' dir='ltr'>qui</span> <span class='ocrx_word' id='word_1_83' title='bbox 589 1926 627 1985; x_wconf 87' lang='lat' dir='ltr'>ab</span> <span class='ocrx_word' id='word_1_84' title='bbox 650 1925 724 2009; x_wconf 83' lang='lat' dir='ltr'>iptio</span> <span class='ocrx_word' id='word_1_85' title='bbox 745 1922 913 2012; x_wconf 77' lang='lat' dir='ltr'>Episcopie</span> <span class='ocrx_word' id='word_1_86' title='bbox 935 1944 991 2011; x_wconf 86' lang='lat' dir='ltr'>par</span> <span class='ocrx_word' id='word_1_87' title='bbox 1008 1948 1078 1988; x_wconf 84' lang='lat' dir='ltr'>rna-</span> 
     </span>
    </p>

    <p class='ocr_par' dir='ltr' id='par_1_7' title="bbox 91 2007 1078 2094">
     <span class='ocr_line' id='line_1_14' title="bbox 91 2007 1078 2094; baseline 0.005 -25"><span class='ocrx_word' id='word_1_88' title='bbox 91 2030 167 2071; x_wconf 90' lang='lat' dir='ltr'>uum</span> <span class='ocrx_word' id='word_1_89' title='bbox 189 2007 425 2094; x_wconf 85' lang='lat' dir='ltr'>impufitiorrem</span> <span class='ocrx_word' id='word_1_90' title='bbox 446 2010 507 2070; x_wconf 88' lang='lat' dir='ltr'>rita</span> <span class='ocrx_word' id='word_1_91' title='bbox 530 2008 671 2071; x_wconf 89' lang='lat' dir='ltr'>ordinati</span> <span class='ocrx_word' id='word_1_92' title='bbox 692 2014 775 2073; x_wconf 86' lang='lat' dir='ltr'>lunt.</span> <span class='ocrx_word' id='word_1_93' title='bbox 826 2009 989 2073; x_wconf 71' lang='lat' dir='ltr'>Sacerdoti</span> <span class='ocrx_word' id='word_1_94' title='bbox 1010 2013 1078 2093; x_wconf 83' lang='lat' dir='ltr'>igi-</span> 
     </span>
    </p>

    <p class='ocr_par' dir='ltr' id='par_1_8' title="bbox 88 2092 1188 2260">
     <span class='ocr_line' id='line_1_15' title="bbox 88 2092 1188 2176; baseline 0.008 -19"><span class='ocrx_word' id='word_1_95' title='bbox 88 2114 121 2157; x_wconf 82' lang='lat' dir='ltr'>ur</span> <span class='ocrx_word' id='word_1_96' title='bbox 143 2094 236 2176; x_wconf 76' lang='lat' dir='ltr'>hujus</span> <span class='ocrx_word' id='word_1_97' title='bbox 259 2092 443 2156; x_wconf 76' lang='lat' dir='ltr'>sacramenti</span> <span class='ocrx_word' id='word_1_98' title='bbox 463 2093 690 2156; x_wconf 80' lang='lat' dir='ltr'>administratio</span> <span class='ocrx_word' id='word_1_99' title='bbox 713 2094 875 2158; x_wconf 82' lang='lat' dir='ltr'>commill‘a</span> <span class='ocrx_word' id='word_1_100' title='bbox 897 2096 948 2158; x_wconf 82' lang='lat' dir='ltr'>est.</span> <span class='ocrx_word' id='word_1_101' title='bbox 1009 2096 1188 2166; x_wconf 79' lang='lat' dir='ltr'>tte-xxm.</span> 
     </span>
     <span class='ocr_line' id='line_1_16' title="bbox 91 2177 1080 2260; baseline 0.005 -21"><span class='ocrx_word' id='word_1_102' title='bbox 91 2198 132 2241; x_wconf 84' lang='lat' dir='ltr'>ue</span> <span class='ocrx_word' id='word_1_103' title='bbox 148 2189 252 2241; x_wconf 81' lang='lat' dir='ltr'>tauron</span> <span class='ocrx_word' id='word_1_104' title='bbox 273 2199 314 2242; x_wconf 88' lang='lat' dir='ltr'>ex</span> <span class='ocrx_word' id='word_1_105' title='bbox 336 2177 457 2240; x_wconf 84' lang='lat' dir='ltr'>lrrrrctaa</span> <span class='ocrx_word' id='word_1_106' title='bbox 467 2177 620 2241; x_wconf 73' lang='lat' dir='ltr'>Ecclesiae</span> <span class='ocrx_word' id='word_1_107' title='bbox 639 2178 765 2243; x_wconf 87' lang='lat' dir='ltr'>decreto</span> <span class='ocrx_word' id='word_1_108' title='bbox 789 2182 893 2243; x_wconf 80' lang='lat' dir='ltr'>cuivis</span> <span class='ocrx_word' id='word_1_109' title='bbox 914 2182 1080 2260; x_wconf 82' lang='lat' dir='ltr'>sacerdoti,</span> 
     </span>
    </p>

    <p class='ocr_par' dir='ltr' id='par_1_9' title="bbox 88 2260 1081 2436">
     <span class='ocr_line' id='line_1_17' title="bbox 88 2260 1080 2365; baseline 0.005 -38"><span class='ocrx_word' id='word_1_110' title='bbox 88 2263 124 2327; x_wconf 80' lang='lat' dir='ltr'>ed</span> <span class='ocrx_word' id='word_1_111' title='bbox 152 2263 288 2365; x_wconf 66' lang='lat' dir='ltr'>proprio</span> <span class='ocrx_word' id='word_1_112' title='bbox 319 2261 456 2340; x_wconf 86' lang='lat' dir='ltr'>Pallori,</span> <span class='ocrx_word' id='word_1_113' title='bbox 489 2265 544 2350; x_wconf 89' lang='lat' dir='ltr'>qui</span> <span class='ocrx_word' id='word_1_114' title='bbox 575 2260 830 2346; x_wconf 81' lang='lat' dir='ltr'>jurisdictionem</span> <span class='ocrx_word' id='word_1_115' title='bbox 857 2264 987 2344; x_wconf 83' lang='lat' dir='ltr'>lrabeat,</span> <span class='ocrx_word' id='word_1_116' title='bbox 1014 2269 1080 2332; x_wconf 86' lang='lat' dir='ltr'>five</span> 
     </span>
     <span class='ocr_line' id='line_1_18' title="bbox 88 2345 1081 2436; baseline 0.006 -26"><span class='ocrx_word' id='word_1_117' title='bbox 88 2350 181 2427; x_wconf 75' lang='lat' dir='ltr'>lteri,</span> <span class='ocrx_word' id='word_1_118' title='bbox 210 2350 260 2411; x_wconf 92' lang='lat' dir='ltr'>cui</span> <span class='ocrx_word' id='word_1_119' title='bbox 284 2350 341 2410; x_wconf 92' lang='lat' dir='ltr'>ille</span> <span class='ocrx_word' id='word_1_120' title='bbox 363 2348 429 2430; x_wconf 83' lang='lat' dir='ltr'>cjue</span> <span class='ocrx_word' id='word_1_121' title='bbox 450 2350 592 2411; x_wconf 80' lang='lat' dir='ltr'>muneris</span> <span class='ocrx_word' id='word_1_122' title='bbox 615 2345 770 2431; x_wconf 79' lang='lat' dir='ltr'>fungendi</span> <span class='ocrx_word' id='word_1_123' title='bbox 791 2351 975 2436; x_wconf 80' lang='lat' dir='ltr'>potestatem</span> <span class='ocrx_word' id='word_1_124' title='bbox 993 2347 1081 2416; x_wconf 82' lang='lat' dir='ltr'>fece·</span> 
     </span>
    </p>

    <p class='ocr_par' dir='ltr' id='par_1_10' title="bbox 88 2432 1202 2863">
     <span class='ocr_line' id='line_1_19' title="bbox 88 2432 1079 2509; baseline 0.005 -12"><span class='ocrx_word' id='word_1_125' title='bbox 88 2435 130 2509; x_wconf 83' lang='lat' dir='ltr'>it,</span> <span class='ocrx_word' id='word_1_126' title='bbox 167 2433 228 2497; x_wconf 87' lang='lat' dir='ltr'>hoc</span> <span class='ocrx_word' id='word_1_127' title='bbox 253 2437 482 2499; x_wconf 82' lang='lat' dir='ltr'>sacramentum</span> <span class='ocrx_word' id='word_1_128' title='bbox 503 2433 718 2498; x_wconf 88' lang='lat' dir='ltr'>adruirrillraro</span> <span class='ocrx_word' id='word_1_129' title='bbox 740 2436 826 2496; x_wconf 89' lang='lat' dir='ltr'>licet.</span> <span class='ocrx_word' id='word_1_130' title='bbox 888 2432 974 2498; x_wconf 89' lang='lat' dir='ltr'>lllud</span> <span class='ocrx_word' id='word_1_131' title='bbox 999 2458 1079 2502; x_wconf 85' lang='lat' dir='ltr'>vero</span> 
     </span>
     <span class='ocr_line' id='line_1_20' title="bbox 88 2517 1082 2596; baseline 0.003 -15"><span class='ocrx_word' id='word_1_132' title='bbox 88 2518 210 2582; x_wconf 72' lang='lat' dir='ltr'>mxime</span> <span class='ocrx_word' id='word_1_133' title='bbox 232 2517 551 2582; x_wconf 84' lang='lat' dir='ltr'>animadvertendum</span> <span class='ocrx_word' id='word_1_134' title='bbox 573 2519 631 2596; x_wconf 77' lang='lat' dir='ltr'>eli,</span> <span class='ocrx_word' id='word_1_135' title='bbox 652 2520 845 2584; x_wconf 72' lang='lat' dir='ltr'>sacerdotem</span> <span class='ocrx_word' id='word_1_136' title='bbox 865 2519 898 2583; x_wconf 90' lang='lat' dir='ltr'>iu</span> <span class='ocrx_word' id='word_1_137' title='bbox 920 2543 957 2583; x_wconf 85' lang='lat' dir='ltr'>ea</span> <span class='ocrx_word' id='word_1_138' title='bbox 975 2521 1082 2586; x_wconf 89' lang='lat' dir='ltr'>admi-</span> 
     </span>
     <span class='ocr_line' id='line_1_21' title="bbox 88 2601 1202 2678; baseline 0.004 -10"><span class='ocrx_word' id='word_1_139' title='bbox 88 2602 270 2678; x_wconf 70' lang='lat' dir='ltr'>irratione,</span> <span class='ocrx_word' id='word_1_140' title='bbox 327 2601 571 2667; x_wconf 86' lang='lat' dir='ltr'>uernadrnodum</span> <span class='ocrx_word' id='word_1_141' title='bbox 600 2606 697 2671; x_wconf 88' lang='lat' dir='ltr'>etiam</span> <span class='ocrx_word' id='word_1_142' title='bbox 721 2606 755 2667; x_wconf 91' lang='lat' dir='ltr'>in</span> <span class='ocrx_word' id='word_1_143' title='bbox 778 2604 853 2667; x_wconf 84' lang='lat' dir='ltr'>aliia</span> <span class='ocrx_word' id='word_1_144' title='bbox 875 2608 1080 2671; x_wconf 78' lang='lat' dir='ltr'>sacramentis</span> <span class='ocrx_word' id='word_1_145' title='bbox 1191 2640 1202 2653; x_wconf 74' lang='lat'>=</span> 
     </span>
     <span class='ocr_line' id='line_1_22' title="bbox 88 2625 1080 2779; baseline 0.005 -27"><span class='ocrx_word' id='word_1_146' title='bbox 88 2696 124 2767; x_wconf 82' lang='lat' dir='ltr'>tt,</span> <span class='ocrx_word' id='word_1_147' title='bbox 150 2686 264 2752; x_wconf 84' lang='lat' dir='ltr'>ctnitti</span> <span class='ocrx_word' id='word_1_148' title='bbox 297 2625 421 2751; x_wconf 73' lang='lat' dir='ltr'>domini</span> <span class='ocrx_word' id='word_1_149' title='bbox 456 2689 570 2767; x_wconf 86' lang='lat' dir='ltr'>uoliri,</span> <span class='ocrx_word' id='word_1_150' title='bbox 605 2700 637 2752; x_wconf 86' lang='lat' dir='ltr'>et</span> <span class='ocrx_word' id='word_1_151' title='bbox 660 2694 783 2754; x_wconf 78' lang='lat' dir='ltr'>sauctae</span> <span class='ocrx_word' id='word_1_152' title='bbox 811 2686 981 2771; x_wconf 79' lang='lat' dir='ltr'>Ecclafiae,</span> <span class='ocrx_word' id='word_1_153' title='bbox 1012 2694 1080 2779; x_wconf 76' lang='lat' dir='ltr'>ejus</span> 
     </span>
     <span class='ocr_line' id='line_1_23' title="bbox 88 2773 667 2863; baseline -0.002 -24"><span class='ocrx_word' id='word_1_154' title='bbox 88 2778 221 2863; x_wconf 57' lang='lat' dir='ltr'>danlae,</span> <span class='ocrx_word' id='word_1_155' title='bbox 247 2779 415 2861; x_wconf 84' lang='lat' dir='ltr'>perl&#39;onarn</span> <span class='ocrx_word' id='word_1_156' title='bbox 438 2775 602 2838; x_wconf 76' lang='lat' dir='ltr'>sustinere.</span> <span class='ocrx_word' id='word_1_157' title='bbox 623 2773 667 2862; x_wconf 54' lang='grc' dir='ltr'>ἦ·</span> 
     </span>
    </p>
   </div>
   <div class='ocr_carea' id='block_1_5' title="bbox 88 2935 1085 3107">
    <p class='ocr_par' dir='ltr' id='par_1_11' title="bbox 88 2935 1085 3107">
     <span class='ocr_line' id='line_1_24' title="bbox 88 2935 1085 3036; baseline -0.007 -30"><span class='ocrx_word' id='word_1_158' title='bbox 88 2936 153 3027; x_wconf 83' lang='lat' dir='ltr'>Qu·</span> <span class='ocrx_word' id='word_1_159' title='bbox 175 2945 226 3011; x_wconf 80' lang='lat'>14.</span> <span class='ocrx_word' id='word_1_160' title='bbox 271 2938 344 3020; x_wconf 80' lang='lat' dir='ltr'>Qui</span> <span class='ocrx_word' id='word_1_161' title='bbox 364 2936 505 3020; x_wconf 77' lang='lat' dir='ltr'>(ructor</span> <span class='ocrx_word' id='word_1_162' title='bbox 527 2962 570 3006; x_wconf 80' lang='lat' dir='ltr'>ex</span> <span class='ocrx_word' id='word_1_163' title='bbox 590 2938 696 3025; x_wconf 67' lang='lat' dir='ltr'>hujus</span> <span class='ocrx_word' id='word_1_164' title='bbox 715 2935 930 3023; x_wconf 75' lang='lat' dir='ltr'>sacramenti</span> <span class='ocrx_word' id='word_1_165' title='bbox 948 2943 1016 3036; x_wconf 72' lang='lat' dir='ltr'>usn</span> <span class='ocrx_word' id='word_1_166' title='bbox 1035 2942 1085 3010; x_wconf 78' lang='lat' dir='ltr'>ad</span> 
     </span>
     <span class='ocr_line' id='line_1_25' title="bbox 267 3023 766 3107; baseline 0 -21"><span class='ocrx_word' id='word_1_167' title='bbox 267 3023 421 3087; x_wconf 76' lang='lat' dir='ltr'>dominer</span> <span class='ocrx_word' id='word_1_168' title='bbox 442 3023 634 3107; x_wconf 76' lang='lat' dir='ltr'>redeuntP]</span> <span class='ocrx_word' id='word_1_169' title='bbox 761 3042 766 3053; x_wconf 91' lang='lat'><strong>·</strong></span> 
     </span>
    </p>
   </div>
   <div class='ocr_carea' id='block_1_6' title="bbox 88 3134 1231 3821">
    <p class='ocr_par' dir='ltr' id='par_1_12' title="bbox 88 3134 1231 3821">
     <span class='ocr_line' id='line_1_26' title="bbox 135 3134 1231 3224; baseline -0.006 -24"><span class='ocrx_word' id='word_1_170' title='bbox 135 3134 352 3224; x_wconf 76' lang='lat' dir='ltr'>Explicandae</span> <span class='ocrx_word' id='word_1_171' title='bbox 385 3138 482 3201; x_wconf 88' lang='lat' dir='ltr'>etiam</span> <span class='ocrx_word' id='word_1_172' title='bbox 511 3143 582 3203; x_wconf 88' lang='lat' dir='ltr'>lunt</span> <span class='ocrx_word' id='word_1_173' title='bbox 602 3136 774 3203; x_wconf 69' lang='lat' dir='ltr'>accuratius</span> <span class='ocrx_word' id='word_1_174' title='bbox 797 3138 968 3210; x_wconf 77' lang='lat' dir='ltr'>utilitates,</span> <span class='ocrx_word' id='word_1_175' title='bbox 1003 3149 1231 3219; x_wconf 73' lang='lat' dir='ltr'>quaaxxmtrt.</span> 
     </span>
     <span class='ocr_line' id='line_1_27' title="bbox 88 3218 1084 3308; baseline -0.01 -19"><span class='ocrx_word' id='word_1_176' title='bbox 88 3247 112 3289; x_wconf 89' lang='lat' dir='ltr'>x</span> <span class='ocrx_word' id='word_1_177' title='bbox 133 3224 197 3286; x_wconf 84' lang='lat' dir='ltr'>hoc</span> <span class='ocrx_word' id='word_1_178' title='bbox 217 3228 410 3286; x_wconf 77' lang='lat' dir='ltr'>sacramento</span> <span class='ocrx_word' id='word_1_179' title='bbox 433 3226 595 3308; x_wconf 81' lang='lat' dir='ltr'>capimus:</span> <span class='ocrx_word' id='word_1_180' title='bbox 630 3237 682 3303; x_wconf 82' lang='lat' dir='ltr'>ut,</span> <span class='ocrx_word' id='word_1_181' title='bbox 710 3224 734 3286; x_wconf 83' lang='lat' dir='ltr'><strong>fi</strong></span> <span class='ocrx_word' id='word_1_182' title='bbox 758 3224 843 3287; x_wconf 90' lang='lat' dir='ltr'>nihil</span> <span class='ocrx_word' id='word_1_183' title='bbox 865 3220 951 3286; x_wconf 80' lang='lat' dir='ltr'>aliud</span> <span class='ocrx_word' id='word_1_184' title='bbox 973 3218 1084 3282; x_wconf 73' lang='lat' dir='ltr'>fideles</span> 
     </span>
     <span class='ocr_line' id='line_1_28' title="bbox 88 3302 1083 3396; baseline -0.008 -23"><span class='ocrx_word' id='word_1_185' title='bbox 88 3310 107 3373; x_wconf 83' lang='lat' dir='ltr'>tl</span> <span class='ocrx_word' id='word_1_186' title='bbox 130 3311 198 3391; x_wconf 80' lang='lat' dir='ltr'>ejus</span> <span class='ocrx_word' id='word_1_187' title='bbox 222 3314 311 3372; x_wconf 86' lang='lat' dir='ltr'>ulum</span> <span class='ocrx_word' id='word_1_188' title='bbox 336 3310 598 3393; x_wconf 63' lang='lat' dir='ltr'>prostitutione,</span> <span class='ocrx_word' id='word_1_189' title='bbox 637 3308 704 3396; x_wconf 82' lang='lat' dir='ltr'>ipltt</span> <span class='ocrx_word' id='word_1_190' title='bbox 726 3311 837 3375; x_wconf 81' lang='lat' dir='ltr'>saltem</span> <span class='ocrx_word' id='word_1_191' title='bbox 862 3309 1001 3371; x_wconf 83' lang='lat' dir='ltr'>utilitate</span> <span class='ocrx_word' id='word_1_192' title='bbox 1025 3302 1083 3365; x_wconf 87' lang='lat' dir='ltr'>du·</span> 
     </span>
     <span class='ocr_line' id='line_1_29' title="bbox 88 3389 1083 3480; baseline -0.006 -23"><span class='ocrx_word' id='word_1_193' title='bbox 88 3406 204 3458; x_wconf 84' lang='lat' dir='ltr'>antur:</span> <span class='ocrx_word' id='word_1_194' title='bbox 224 3417 295 3456; x_wconf 92' lang='lat' dir='ltr'>cum</span> <span class='ocrx_word' id='word_1_195' title='bbox 317 3393 360 3454; x_wconf 89' lang='lat' dir='ltr'>ita</span> <span class='ocrx_word' id='word_1_196' title='bbox 382 3407 596 3480; x_wconf 88' lang='lat' dir='ltr'>comparatum</span> <span class='ocrx_word' id='word_1_197' title='bbox 617 3396 665 3471; x_wconf 85' lang='lat' dir='ltr'>fir,</span> <span class='ocrx_word' id='word_1_198' title='bbox 688 3405 722 3456; x_wconf 88' lang='lat' dir='ltr'>ut</span> <span class='ocrx_word' id='word_1_199' title='bbox 744 3396 852 3458; x_wconf 84' lang='lat' dir='ltr'>omnia</span> <span class='ocrx_word' id='word_1_200' title='bbox 880 3389 947 3456; x_wconf 89' lang='lat' dir='ltr'>sere</span> <span class='ocrx_word' id='word_1_201' title='bbox 970 3389 1083 3453; x_wconf 78' lang='lat' dir='ltr'>nostrie</span> 
     </span>
     <span class='ocr_line' id='line_1_30' title="bbox 88 3475 1083 3560; baseline -0.008 -16"><span class='ocrx_word' id='word_1_202' title='bbox 88 3480 249 3544; x_wconf 80' lang='lat' dir='ltr'>ornmodis</span> <span class='ocrx_word' id='word_1_203' title='bbox 271 3479 450 3542; x_wconf 90' lang='lat' dir='ltr'>metiamur.</span> <span class='ocrx_word' id='word_1_204' title='bbox 515 3479 682 3543; x_wconf 87' lang='lat' dir='ltr'>Docebuut</span> <span class='ocrx_word' id='word_1_205' title='bbox 709 3480 807 3560; x_wconf 84' lang='lat' dir='ltr'>igitur</span> <span class='ocrx_word' id='word_1_206' title='bbox 827 3478 986 3549; x_wconf 77' lang='lat' dir='ltr'>Polluces,</span> <span class='ocrx_word' id='word_1_207' title='bbox 1021 3475 1083 3536; x_wconf 87' lang='lat' dir='ltr'>hoc</span> 
     </span>
     <span class='ocr_line' id='line_1_31' title="bbox 88 3558 1084 3651; baseline -0.008 -23"><span class='ocrx_word' id='word_1_208' title='bbox 88 3578 265 3643; x_wconf 75' lang='lat' dir='ltr'>aeramento</span> <span class='ocrx_word' id='word_1_209' title='bbox 290 3566 424 3644; x_wconf 77' lang='lat' dir='ltr'>gratiam</span> <span class='ocrx_word' id='word_1_210' title='bbox 446 3565 560 3639; x_wconf 83' lang='lat' dir='ltr'>tribui,</span> <span class='ocrx_word' id='word_1_211' title='bbox 583 3587 661 3651; x_wconf 85' lang='lat' dir='ltr'>quae</span> <span class='ocrx_word' id='word_1_212' title='bbox 684 3577 826 3650; x_wconf 86' lang='lat' dir='ltr'>peccata,</span> <span class='ocrx_word' id='word_1_213' title='bbox 855 3574 887 3625; x_wconf 88' lang='lat' dir='ltr'>et</span> <span class='ocrx_word' id='word_1_214' title='bbox 911 3565 944 3624; x_wconf 90' lang='lat' dir='ltr'>in</span> <span class='ocrx_word' id='word_1_215' title='bbox 969 3558 1084 3645; x_wconf 83' lang='lat' dir='ltr'>primis</span> 
     </span>
     <span class='ocr_line' id='line_1_32' title="bbox 93 3646 1085 3793; baseline -0.012 -79"><span class='ocrx_word' id='word_1_216' title='bbox 93 3651 202 3715; x_wconf 90' lang='lat' dir='ltr'>uidem</span> <span class='ocrx_word' id='word_1_217' title='bbox 229 3651 375 3724; x_wconf 84' lang='lat' dir='ltr'>leviora,</span> <span class='ocrx_word' id='word_1_218' title='bbox 411 3664 441 3712; x_wconf 91' lang='lat' dir='ltr'>et</span> <span class='ocrx_word' id='word_1_219' title='bbox 474 3663 508 3712; x_wconf 91' lang='lat' dir='ltr'>ut</span> <span class='ocrx_word' id='word_1_220' title='bbox 528 3653 690 3713; x_wconf 82' lang='lat' dir='ltr'>communi</span> <span class='ocrx_word' id='word_1_221' title='bbox 717 3649 848 3713; x_wconf 87' lang='lat' dir='ltr'>nomine</span> <span class='ocrx_word' id='word_1_222' title='bbox 869 3646 1085 3793; x_wconf 63' lang='lat' dir='ltr'>apscllautur,</span> 
     </span>
     <span class='ocr_line' id='line_1_33' title="bbox 88 3729 1085 3821; baseline -0.011 -20"><span class='ocrx_word' id='word_1_223' title='bbox 88 3732 230 3812; x_wconf 59' lang='lat' dir='ltr'>cruolio,</span> <span class='ocrx_word' id='word_1_224' title='bbox 253 3736 391 3798; x_wconf 87' lang='lat' dir='ltr'>remittit</span> <span class='ocrx_word' id='word_1_225' title='bbox 408 3741 453 3813; x_wconf 76' lang='lat'>⁶):</span> <span class='ocrx_word' id='word_1_226' title='bbox 476 3737 627 3800; x_wconf 78' lang='lat' dir='ltr'>exitiales</span> <span class='ocrx_word' id='word_1_227' title='bbox 650 3734 738 3799; x_wconf 88' lang='lat' dir='ltr'>euim</span> <span class='ocrx_word' id='word_1_228' title='bbox 759 3735 887 3821; x_wconf 85' lang='lat' dir='ltr'>culpae,</span> <span class='ocrx_word' id='word_1_229' title='bbox 924 3729 1085 3794; x_wconf 83' lang='lat' dir='ltr'>‘ceniten-</span> 
     </span>
    </p>
   </div>
   <div class='ocr_carea' id='block_1_7' title="bbox 88 3858 516 3871">
    <p class='ocr_par' dir='ltr' id='par_1_13' title="bbox 88 3858 516 3871">
     <span class='ocr_line' id='line_1_34' title="bbox 88 3858 516 3871; baseline -0.005 -2"><span class='ocrx_word' id='word_1_230' title='bbox 88 3858 516 3871; x_wconf 82' lang='lat'>-———-———--—--</span> 
     </span>
    </p>
   </div>
   <div class='ocr_carea' id='block_1_8' title="bbox 109 3917 1084 3993">
    <p class='ocr_par' dir='ltr' id='par_1_14' title="bbox 109 3917 1084 3993">
     <span class='ocr_line' id='line_1_35' title="bbox 109 3917 1084 3993; baseline -0.017 -15"><span class='ocrx_word' id='word_1_231' title='bbox 109 3927 158 3991; x_wconf 85' lang='lat'>19)</span> <span class='ocrx_word' id='word_1_232' title='bbox 178 3928 251 3977; x_wconf 75' lang='lat' dir='ltr'>Omra.</span> <span class='ocrx_word' id='word_1_233' title='bbox 266 3934 377 3993; x_wconf 79' lang='lat' dir='ltr'>praeter</span> <span class='ocrx_word' id='word_1_234' title='bbox 393 3924 472 3977; x_wconf 85' lang='lat' dir='ltr'>Clem.</span> <span class='ocrx_word' id='word_1_235' title='bbox 490 3925 590 3992; x_wconf 86' lang='lat' dir='ltr'>inquit.</span> <span class='ocrx_word' id='word_1_236' title='bbox 608 3939 654 3964; x_wconf 80' lang='grc'>-’</span> <span class='ocrx_word' id='word_1_237' title='bbox 693 3923 739 3988; x_wconf 74' lang='lat'>20)</span> <span class='ocrx_word' id='word_1_238' title='bbox 758 3926 873 3991; x_wconf 69' lang='lat' dir='ltr'>exponit</span> <span class='ocrx_word' id='word_1_239' title='bbox 892 3917 988 3984; x_wconf 61' lang='lat' dir='ltr'>Fabr„</span> <span class='ocrx_word' id='word_1_240' title='bbox 1019 3919 1084 3971; x_wconf 61' lang='lat' dir='ltr'>Van.</span> 
     </span>
    </p>
   </div>
   <div class='ocr_carea' id='block_1_9' title="bbox 108 4038 1088 4396">
    <p class='ocr_par' dir='ltr' id='par_1_15' title="bbox 108 4038 1088 4396">
     <span class='ocr_line' id='line_1_36' title="bbox 108 4038 1085 4107; baseline -0.009 -10"><span class='ocrx_word' id='word_1_241' title='bbox 108 4045 138 4107; x_wconf 80' lang='lat' dir='ltr'>a)</span> <span class='ocrx_word' id='word_1_242' title='bbox 158 4043 216 4097; x_wconf 81' lang='lat' dir='ltr'>luc.</span> <span class='ocrx_word' id='word_1_243' title='bbox 235 4041 261 4096; x_wconf 91' lang='lat' dir='ltr'>d.</span> <span class='ocrx_word' id='word_1_244' title='bbox 277 4041 298 4095; x_wconf 91' lang='lat' dir='ltr'>l.</span> <span class='ocrx_word' id='word_1_245' title='bbox 317 4068 353 4080; x_wconf 86' lang='lat'>-·</span> <span class='ocrx_word' id='word_1_246' title='bbox 402 4038 578 4106; x_wconf 74' lang='lat' dir='ltr'>blscll.1t.</span> <span class='ocrx_word' id='word_1_247' title='bbox 603 4042 637 4096; x_wconf 88' lang='lat' dir='ltr'>de</span> <span class='ocrx_word' id='word_1_248' title='bbox 656 4051 726 4096; x_wconf 82' lang='lat' dir='ltr'>extr.</span> <span class='ocrx_word' id='word_1_249' title='bbox 744 4040 824 4095; x_wconf 88' lang='lat' dir='ltr'>Unct.</span> <span class='ocrx_word' id='word_1_250' title='bbox 842 4040 908 4101; x_wconf 64' lang='lat'>03.</span> <span class='ocrx_word' id='word_1_251' title='bbox 926 4050 953 4091; x_wconf 86' lang='lat' dir='ltr'>at</span> <span class='ocrx_word' id='word_1_252' title='bbox 972 4048 1031 4099; x_wconf 64' lang='lat' dir='ltr'>aa.</span> <span class='ocrx_word' id='word_1_253' title='bbox 1049 4064 1085 4076; x_wconf 91' lang='lat'>-·</span> 
     </span>
     <span class='ocr_line' id='line_1_37' title="bbox 109 4108 1076 4181; baseline -0.007 -14"><span class='ocrx_word' id='word_1_254' title='bbox 109 4114 136 4181; x_wconf 89' lang='lat' dir='ltr'>o)</span> <span class='ocrx_word' id='word_1_255' title='bbox 157 4115 281 4167; x_wconf 77' lang='lat' dir='ltr'>Verriuliu</span> <span class='ocrx_word' id='word_1_256' title='bbox 294 4126 402 4179; x_wconf 81' lang='lat' dir='ltr'>peccata</span> <span class='ocrx_word' id='word_1_257' title='bbox 422 4114 471 4164; x_wconf 82' lang='lat' dir='ltr'>lrac</span> <span class='ocrx_word' id='word_1_258' title='bbox 491 4117 621 4165; x_wconf 86' lang='lat' dir='ltr'>unctione</span> <span class='ocrx_word' id='word_1_259' title='bbox 642 4116 744 4165; x_wconf 80' lang='lat' dir='ltr'>rcmttrt</span> <span class='ocrx_word' id='word_1_260' title='bbox 764 4112 862 4164; x_wconf 81' lang='lat' dir='ltr'>docent</span> <span class='ocrx_word' id='word_1_261' title='bbox 874 4111 978 4164; x_wconf 89' lang='lat' dir='ltr'>Statuta</span> <span class='ocrx_word' id='word_1_262' title='bbox 990 4108 1076 4176; x_wconf 73' lang='lat' dir='ltr'>lyuorl</span> 
     </span>
     <span class='ocr_line' id='line_1_38' title="bbox 109 4182 1085 4257; baseline -0.007 -18"><span class='ocrx_word' id='word_1_263' title='bbox 109 4186 185 4257; x_wconf 54' lang='lat' dir='ltr'>licet.</span> <span class='ocrx_word' id='word_1_264' title='bbox 204 4186 322 4237; x_wconf 83' lang='lat' dir='ltr'>Clarum.</span> <span class='ocrx_word' id='word_1_265' title='bbox 341 4203 366 4241; x_wconf 88' lang='lat' dir='ltr'>u.</span> <span class='ocrx_word' id='word_1_266' title='bbox 386 4189 463 4245; x_wconf 77' lang='lat'>1268.</span> <span class='ocrx_word' id='word_1_267' title='bbox 481 4185 544 4243; x_wconf 88' lang='lat' dir='ltr'>P·1.</span> <span class='ocrx_word' id='word_1_268' title='bbox 565 4184 627 4245; x_wconf 86' lang='lat' dir='ltr'><strong>C.9·</strong></span> <span class='ocrx_word' id='word_1_269' title='bbox 646 4184 683 4250; x_wconf 85' lang='lat' dir='ltr'>(p.</span> <span class='ocrx_word' id='word_1_270' title='bbox 696 4182 787 4246; x_wconf 80' lang='lat'>1201.)</span> <span class='ocrx_word' id='word_1_271' title='bbox 809 4194 835 4235; x_wconf 85' lang='lat' dir='ltr'>et</span> <span class='ocrx_word' id='word_1_272' title='bbox 854 4182 936 4235; x_wconf 79' lang='lat' dir='ltr'>Curre.</span> <span class='ocrx_word' id='word_1_273' title='bbox 957 4183 1042 4233; x_wconf 83' lang='lat' dir='ltr'>Vaur.</span> <span class='ocrx_word' id='word_1_274' title='bbox 1064 4198 1085 4232; x_wconf 84' lang='lat' dir='ltr'>a.</span> 
     </span>
     <span class='ocr_line' id='line_1_39' title="bbox 111 4251 1088 4324; baseline -0.008 -15"><span class='ocrx_word' id='word_1_275' title='bbox 111 4262 189 4317; x_wconf 69' lang='grc'><strong>1369,</strong></span> <span class='ocrx_word' id='word_1_276' title='bbox 214 4256 244 4308; x_wconf 89' lang='lat' dir='ltr'>C.</span> <span class='ocrx_word' id='word_1_277' title='bbox 257 4265 281 4316; x_wconf 87' lang='lat'>1.</span> <span class='ocrx_word' id='word_1_278' title='bbox 314 4258 416 4324; x_wconf 48' lang='lat'>(9488</span> <span class='ocrx_word' id='word_1_279' title='bbox 427 4257 470 4320; x_wconf 83' lang='lat' dir='ltr'>ll.)</span> <span class='ocrx_word' id='word_1_280' title='bbox 493 4256 603 4318; x_wconf 82' lang='lat' dir='ltr'>Cetera,</span> <span class='ocrx_word' id='word_1_281' title='bbox 634 4271 704 4324; x_wconf 85' lang='lat' dir='ltr'>quoe</span> <span class='ocrx_word' id='word_1_282' title='bbox 728 4254 761 4306; x_wconf 81' lang='lat' dir='ltr'>erl</span> <span class='ocrx_word' id='word_1_283' title='bbox 787 4254 841 4306; x_wconf 88' lang='lat' dir='ltr'>hoc</span> <span class='ocrx_word' id='word_1_284' title='bbox 865 4264 948 4321; x_wconf 81' lang='lat' dir='ltr'>crprrt</span> <span class='ocrx_word' id='word_1_285' title='bbox 972 4251 1088 4313; x_wconf 82' lang='lat' dir='ltr'>laudari,</span> 
     </span>
     <span class='ocr_line' id='line_1_40' title="bbox 111 4319 1086 4396; baseline -0.008 -15"><span class='ocrx_word' id='word_1_286' title='bbox 111 4324 253 4384; x_wconf 78' lang='lat' dir='ltr'>coucilia,</span> <span class='ocrx_word' id='word_1_287' title='bbox 278 4333 361 4383; x_wconf 84' lang='lat' dir='ltr'>etiam</span> <span class='ocrx_word' id='word_1_288' title='bbox 379 4326 513 4392; x_wconf 69' lang='lat' dir='ltr'>Trtdcut„</span> <span class='ocrx_word' id='word_1_289' title='bbox 530 4337 557 4380; x_wconf 87' lang='lat' dir='ltr'>ct</span> <span class='ocrx_word' id='word_1_290' title='bbox 575 4327 682 4396; x_wconf 71' lang='lat' dir='ltr'>Patres,</span> <span class='ocrx_word' id='word_1_291' title='bbox 709 4342 779 4396; x_wconf 80' lang='lat' dir='ltr'>quoa</span> <span class='ocrx_word' id='word_1_292' title='bbox 795 4327 900 4389; x_wconf 73' lang='lat' dir='ltr'>evolvi,</span> <span class='ocrx_word' id='word_1_293' title='bbox 927 4319 1086 4392; x_wconf 80' lang='lat' dir='ltr'>Apolioluru</span> 
     </span>
    </p>
   </div>
   <div class='ocr_carea' id='block_1_10' title="bbox 0 0 1277 4898">
    <p class='ocr_par' dir='ltr' id='par_1_16' title="bbox 0 0 1277 4898">
     <span class='ocr_line' id='line_1_41' title="bbox 0 0 1277 4898; baseline 0 0"><span class='ocrx_word' id='word_1_294' title='bbox 0 0 1277 4898; x_wconf 95' lang='lat' dir='ltr'> </span> 
     </span>
    </p>
   </div>
  </div>
 </body>
</html>
