2542 4898
216 632 291 719 176
362 628 520 704 catech:
538 630 645 703 Runa.
695 630 735 705 P.
751 634 776 703 1.
828 630 885 705 De
914 632 1100 728 Symbolo.

209 806 274 893 dia,
296 829 329 881 et
342 812 426 901 apud
446 827 568 902 patrem
585 812 734 879 advocati
747 811 853 877 allicio
872 808 1081 895 inrigatum)
1102 812 1229 879 Ftttott

210 901 294 973 arrei,
325 900 440 987 ‚inquit
468 908 592 965 t'anctue
612 900 772 977 Joannes,
804 896 889 963 staec
916 894 1158 982 scribovobia,
1186 910 1226 963 ut

210 1006 279 1047 noo
298 982 464 1071 peccetis.-
481 981 545 1067 sed
563 994 619 1063 at,
630 983 665 1071 si
685 982 763 1071 quia
783 981 999 1069 peccaverit,
1018 981 1229 1047 advocatum

210 1065 373 1131 stobemna
396 1069 494 1154 opud
518 1079 656 1155 patrem
686 1065 808 1151 Jasitm
831 1064 1001 1147 Clrrislrtm
1008 1066 1161 1215 12⁴ssth
1193 1078 1227 1131 at

210 1150 286 1238 ipse
302 1152 347 1243 est
366 1152 574 1237 propitiatio
593 1174 658 1238 pro
678 1150 833 1239 peret-otia
853 1136 987 1239 ru>Jiria
1073 1152 1118 1217 'ec
1148 1176 1226 1217 raro

211 1239 385 1325 quidquam
406 1238 463 1311 eli,
486 1239 570 1303 unde
590 1238 700 1302 fideles
722 1238 872 1320 rnajorem
888 1237 1053 1309 laetitiam,
1072 1250 1105 1301 et
1124 1241 1228 1303 animi

210 1324 439 1405 jucunditatem
459 1346 570 1410 capere
593 1322 738 1397 debeant,
757 1343 849 1407 rpuam
866 1321 974 1385 Jesum
991 1321 1150 1393 Clrrillum
1168 1346 1227 1409 pa-

211 1418 343 1473 tronum
363 1413 487 1485 causae,
518 1432 552 1473 ac
572 1407 809 1495 deprecatorem
838 1408 949 1471 salutis
969 1408 1090 1473 nostroe
1110 1410 1227 1471 rorrtli-

171 1492 177 1505 ‘
214 1506 316 1558 tntum
346 1493 426 1569 assa,
459 1494 546 1575 cujua
578 1493 615 1558 lit
642 1493 725 1577 apud
758 1504 923 1569 aeternum
951 1506 1076 1581 patrem
1105 1497 1226 1559 suurrna

212 1582 330 1657 grauia,
359 1590 392 1641 et
412 1581 594 1642 auctoritas.
647 1578 777 1643 l'aravit
811 1577 949 1664 denique
979 1580 1076 1659 nobie
1110 1580 1227 1653 locum,

212 1665 297 1748 quod
318 1666 416 1727 etiam
438 1669 486 1743 w)
509 1669 541 1729 se
560 1660 716 1729 sucturum
735 1664 940 1747 promiserat,
961 1676 1056 1747 atqua
1080 1665 1227 1729 orurrium

212 1751 351 1812 nollrum
374 1750 504 1811 nornine
527 1760 622 1832 caput
643 1749 712 1835 ipse
725 1748 816 1811 lesus
830 1748 970 1813 Clrrillua
990 1748 1081 1813 veuit
1099 1752 1137 1813 in
1155 1772 1227 1812 caa-

211 1836 297 1898 lellie
319 1835 443 1913 gloriae
467 1833 699 1918 poll'ul'lionam.
720 1856 796 1896 riam
814 1833 850 1897 in
864 1838 987 1898 caelum
1003 1834 1126 1911 abiona,
1148 1857 1226 1919 por-

213 1931 282 1997 tas,
313 1939 393 2006 quae
412 1916 530 1981 Adami
556 1933 681 2004 peccato
704 1920 892 1985 interclusae
925 1915 1069 1995 suerent,
1097 1898 1253 2006 patale-⁹

210 2005 1229 2090 ffl,mmmvammmmanamcmmffimbmfflw

210 2089 320 2153 dinem
344 2090 603 2173 perveniremus3
635 2090 902 2177 quernadmudum
926 2092 995 2175 ipse
1018 2100 1050 2166 ²)
1075 2091 1109 2155 in
1131 2110 1228 2155 caena

210 2162 378 2260 discipulis
410 2168 553 2237 futurum
586 2176 799 2260 praedixerat.
828 2177 911 2259 quud
945 2174 1075 2261 quidem
1107 2186 1143 2237 ul
1176 2177 1227 2237 rci

210 2263 308 2325 etiam
329 2271 448 2323 eventu
481 2272 589 2345 arpmte
619 2263 859 2346 comprobaret,
881 2270 919 2339 t)
941 2262 1071 2344 piorum
1090 2262 1227 2335 artimus,

211 2368 287 2432 qum
308 2348 345 2406 ab
368 2343 483 2407 inseris
504 2347 681 2429 eripuerat,
707 2352 813 2409 l'ecum
834 2350 866 2409 in
886 2357 1033 2408 aeternae
1053 2345 1227 2408 beatitudi-

127 2477 150 2524 ,0
164 2467 196 2512 χ,
212 2433 263 2493 nie
285 2430 484 2493 domicilium
506 2431 700 2495 introduxit.
742 2431 832 2493 llario
853 2432 1029 2494 caelestium
1057 2453 1227 2494 munerum

211 2517 431 2579 admirabilem
464 2519 590 2600 cupiam
613 2518 757 2581 salutaris
786 2518 842 2578 illa
864 2516 1106 2579 commodorum
1129 2520 1228 2581 series

212 2609 375 2664 consecuta
397 2602 447 2662 all.
470 2604 610 2686 primum
632 2605 718 2665 eninr
742 2600 818 2663 srdei
840 2603 959 2664 nultrae
980 2602 1096 2663 rnerito
1119 2604 1227 2664 maxi-

112 2700 116 2706 '
212 2710 281 2750 mus
304 2689 447 2748 cutnnlus
469 2692 610 2749 arcellit:
632 2711 703 2750 nam
726 2688 805 2748 sides
826 2710 932 2749 aarum
949 2710 1052 2750 rerum
1074 2686 1125 2762 all,
1147 2708 1227 2774 quae

210 2777 266 2836 sub
286 2773 464 2855 adspectum
486 2794 552 2835 nun
576 2772 710 2844 radunt,
731 2785 824 2857 atqua
845 2776 881 2832 ab
901 2774 1069 2835 hominum
1091 2774 1227 2847 ratione,

211 2881 246 2921 ac
278 2856 493 2937 intelligentia
528 2872 669 2920 remotae
697 2863 777 2920 sunt.
832 2856 941 2939 Quare
971 2862 995 2919 li
1020 2856 1181 2920 Dominus
1209 2880 1227 2918 a

212 2944 306 3007 nobis
327 2966 393 3005 non
416 2941 615 3018 ‹tia-cettan,
649 2943 724 3005 lidci
746 2942 865 3004 nostrae
888 2944 1036 3005 ruaritum
1060 2945 1227 3005 minuere-

212 3040 283 3091 tur:
313 3028 336 3088 li
361 3027 489 3113 quidem
513 3053 529 3088 a
552 3028 672 3089 Clrrillo
694 3027 827 3088 domino
857 3036 887 3100 γ’)
912 3026 1004 3090 (reati
1035 3029 1226 3112 praedican-

211 3126 280 3186 tur,
308 3113 370 3197 qni
400 3132 466 3171 nort
497 3111 681 3188 viderant,
722 3120 756 3173 et
784 3112 1017 3175 erediderunt.
1058 3113 1225 3175 Praeterea

213 3198 327 3262 Clrrilli
351 3199 383 3257 in
408 3197 527 3258 caelum
554 3197 716 3260 adscensus
748 3197 785 3258 ad
808 3199 1056 3259 confirmandam
1079 3205 1169 3284 spem
1191 3201 1225 3261 in

212 3284 359 3346 cordilms
380 3281 492 3342 nullris
516 3305 663 3361 magnum
685 3295 884 3345 rrrumentum
910 3286 1012 3344 ltabet.
1041 3307 1114 3347 nam
1141 3307 1225 3371 quo-

212 3370 299 3432 niam
322 3364 479 3428 Clrrillum
501 3367 665 3430 lrominem
689 3372 722 3431 in
745 3369 865 3431 caelum
884 3368 1085 3446 adscendisse,
1108 3380 1140 3431 al
1162 3369 1226 3430 lm·

212 3474 339 3517 manant
362 3461 507 3516 naturam
535 3456 569 3516 in
604 3454 734 3516 dextera
757 3453 819 3515 Dei
841 3456 944 3539 patris
966 3453 1133 3517 collocasse
1155 3477 1226 3518 cre-

212 3538 336 3614 dimus,
357 3556 470 3613 magna
493 3540 527 3600 in
551 3544 754 3623 l'pesl'umus,
777 3536 864 3615 sore,
885 3552 917 3601 ut
937 3560 996 3601 nus
1018 3542 1133 3616 etiarn,
1158 3541 1225 3623 ejus

167 3640 182 3665 ‘
212 3627 371 3696 membra,
394 3622 472 3684 illuc
495 3624 738 3700 adscendamus,
762 3637 854 3708 atque
877 3626 923 3686 ibi
945 3648 1015 3685 cum
1037 3627 1142 3711 capita
1163 3648 1226 3687 no-

212 3713 271 3773 llro
294 3709 537 3790 conjungamur:
571 3710 653 3796 quod
682 3712 750 3794 ipse
774 3708 932 3772 Dominus
956 3711 1009 3771 his
1039 3713 1146 3773 verbis
1176 3723 1226 3773 te·

213 3798 305 3857 slatus
335 3796 393 3856 all:
422 3800 450 3872 ¹)
484 3794 609 3866 Potor,
631 3816 713 3880 quoa
732 3792 855 3883 dedisti
875 3792 973 3874 mihi,
993 3796 1076 3875 volo,
1094 3805 1144 3872 ut,
1167 3792 1227 3858 rabi

209 3878 290 3969 snm
309 3900 390 3964 ego,
418 3887 452 3941 et
476 3876 534 3940 illi
545 3876 622 3965 sint
642 3900 784 3943 precum.
849 3879 975 3943 Deinde
1006 3882 1068 3943 hoc
1100 3903 1226 3967 quoque

217 3968 266 4027 rel
292 3965 468 4028 inaximum
492 3961 684 4031 benesicium
708 3968 867 4028 consecuti
888 3971 1004 4041 limma,
1027 3967 1112 4053 quod
1135 3989 1227 4029 arnu-

216 4076 282 4114 rem
305 4052 441 4113 nullrum
463 4048 499 4108 ad
522 4052 643 4111 caelum
668 4053 790 4135 rapuit,
818 4073 852 4112 ac
881 4051 994 4114 divino
1026 4055 1143 4138 spiritu
1174 4054 1226 4113 in-

216 4232 353 4241 —.--—--
363 4232 656 4241 --.--—-.—-.

249 4338 312 4406 ψ
334 4336 394 4389 Joa.
411 4343 442 4399 2,
463 4355 473 4393 ι
496 4336 577 4403 t'q.-
600 4336 640 4404 w)
659 4335 865 4399 Joa·1-l.a·-
887 4335 924 4405 x)
942 4335 1064 4405 Luc-w,
1079 4356 1118 4397 aa.
1135 4362 1173 4380 -
1199 4338 1228 4402 a)

250 4412 285 4463 V.
307 4408 389 4477 supra
403 4424 427 4461 c.
438 4414 465 4467 6.
478 4426 506 4476 q.
523 4413 549 4467 3.
567 4419 624 4463 not.
639 4408 659 4462 l.
679 4434 711 4449 -
729 4408 765 4476 a)
775 4409 836 4463 loa.
855 4415 899 4475 20,
913 4423 950 4467 tta.
963 4434 996 4451 -
1015 4411 1051 4477 a)
1065 4411 1127 4466 doe·
1137 4418 1229 4472 1712-1.
