2542 4898
606 269 660 276 ..—
685 273 764 278 .—„,

218 588 322 731 14)ι
361 645 506 717 Cetech.
537 641 642 712 Rom.
690 638 730 711 P.
751 644 777 713 Ι.
828 638 886 749 De
912 626 1097 739 Simbol'o.
1187 720 1195 735 ‚

214 824 272 896 nes
293 828 382 905 funt,
403 827 499 891 otiam
520 825 595 889 eliis
609 825 641 905 4)
662 823 820 902 tribuet-03
847 825 1115 914 quemadmodum
1140 830 1231 891 sum-

213 938 299 981 mam
333 914 479 977 omnium
510 932 617 975 rerum
650 910 833 999 potestatem
885 914 961 989 etri,
992 912 1231 1000 sapientium')

213 1004 306 1078 filio,
326 999 455 1083 spiritui
476 1001 582 1061 functo
601 1003 642 1074 w)
664 1018 807 1061 amorem
868 1000 1018 1063 scribunt.
1071 996 1116 1062 lte
1146 1021 1232 1087 quo-

155 1100 159 1111 ·
214 1089 303 1151 nium
326 1085 458 1148 divinae
478 1083 709 1147 incarnationis
730 1082 912 1164 mysterium
940 1083 1155 1165 bogudar-em,
1182 1096 1231 1148 at·

214 1195 276 1261 que
305 1169 490 1234 immensam
518 1168 583 1231 Dei
612 1189 687 1249 erga
721 1188 782 1233 nos
816 1169 1048 1250 benignitatem
1081 1169 1231 1248 declarat,

214 1261 256 1320 ob
277 1277 348 1319 erun
368 1276 436 1318 rem
457 1254 612 1341 peculiari
635 1252 769 1342 quadum
790 1254 917 1319 ratione
940 1255 1003 1319 hoc
1025 1276 1109 1342 opua
1132 1256 1231 1342 tpici-

213 1343 264 1406 tui
284 1345 392 1405 taneto
422 1341 584 1403 tribuitur.
603 1345 640 1416 ¹)
672 1341 714 1422 -)-
889 1351 894 1361 ·

215 1474 295 1565 [Qu.
307 1484 339 1550 4.
378 1473 506 1539 Utrum
531 1473 648 1538 omnia
672 1472 784 1563 snpra
826 1485 977 1539 nntnrae
1007 1448 1166 1539 ordinem
1191 1474 1230 1540 in

363 1558 488 1649 Christi
504 1557 721 1646 conceptione
740 1557 948 1649 factasunt
958 1557 989 1643 Ρ]

117 1712 140 1756 t·
157 1698 214 1746 v11.
276 1681 317 1747 In
338 1679 399 1744 boc
428 1679 575 1762 mysterio
604 1679 759 1765 quaedem
788 1680 892 1767 tupru'
915 1690 1047 1744 naturae
1071 1676 1231 1753 ordinem,

214 1770 369 1857 quaedam
391 1777 522 1829 naturae
542 1767 579 1828 vi
600 1766 713 1830 effectu
727 1765 791 1830 effe
808 1765 1108 1853 animadvertimus.
1135 1762 1229 1839 Natu,

214 1855 299 1942 quod
334 1874 378 1916 ex
406 1852 572 1938 puriliimo
607 1852 747 1932 virginis
781 1854 893 1917 unatrie
926 1851 1079 1933 sunguine
1112 1845 1230 1913 Christi

214 1959 330 2027 corpus
352 1934 525 2002 sorruutum
546 1936 721 2015 credimus,
755 1939 791 2002 iu
820 1960 861 2002 eo
890 1935 1230 2002 naturamnaturaim

214 2024 430 2107 agnoscimus:
460 2044 532 2085 cum
559 2022 642 2086 illud
674 2024 820 2087 omnium
840 2024 1012 2088 hominum
1039 2021 1230 2106 corporibus

214 2130 383 2174 commune
403 2108 456 2184 tir,
482 2119 517 2170 ut
534 2128 575 2170 ex
588 2109 700 2171 ueretris
720 2110 874 2189 sarrguine
894 2105 1086 2171 formentur.
1131 2102 1231 2187 Quod

213 2217 312 2272 vero,
334 2204 367 2257 et
388 2204 519 2257 naturae
541 2193 707 2271 ordinem,
731 2207 763 2257 et
784 2197 956 2258 humanam
977 2193 1231 2271 intelligentiam

212 2287 358 2366 superat,
378 2278 461 2342 illud
483 2279 542 2354 cst,
569 2280 661 2342 [imul
683 2292 776 2367 atque
798 2283 884 2343 beuta
908 2282 1001 2357 virgo
1025 2276 1133 2356 angeli
1151 2298 1231 2339 var·

213 2368 265 2429 bie
287 2365 459 2428 affentiene
489 2365 592 2426 dixit:
618 2368 650 2442 t)
680 2364 768 2429 Ecce
795 2363 929 2429 ancilla
957 2359 1123 2434 Domini,
1153 2356 1231 2446 fiat

213 2449 302 2515 milri
326 2446 524 2534 seeundum
550 2444 689 2512 verbnm
722 2459 839 2513 tnumt
871 2451 972 2512 batim
1002 2445 1231 2512 t'anctiffimum

214 2534 330 2600 Christi
350 2556 465 2619 corpus
488 2532 679 2609 formatum,
701 2536 795 2620 eique
817 2536 923 2599 anime
945 2535 1079 2596 rationis
1094 2552 1230 2618 compos

214 2623 381 2703 conjuncta
403 2619 463 2695 est3
483 2632 575 2705 atque
596 2620 641 2681 ita
664 2622 698 2683 in
723 2624 793 2705 ipso
814 2621 972 2706 temporis
992 2620 1126 2682 articulo
1153 2639 1231 2703 per-

213 2704 316 2769 fectus
339 2705 445 2778 Deus,
474 2717 507 2767 et
528 2700 688 2790 perfectus
714 2706 813 2769 horno
838 2703 902 2768 suit
927 2712 969 2784 Ζ).
1022 2703 1093 2766 Hoc
1122 2716 1232 2766 nutem

213 2812 337 2856 norum
366 2787 477 2867 tritta,
506 2803 601 2876 atque
633 2792 820 2853 admirabile
846 2792 978 2877 spiritus
1005 2790 1106 2853 functi
1134 2810 1232 2872 opus,

213 2898 310 2941 nenio
340 2875 482 2939 dubitare
511 2877 626 2961 potest,
662 2899 749 2952 cum,
783 2881 908 2939 servato
942 2887 1072 2939 naturae
1104 2875 1232 2951 ordine,

213 2965 341 3025 nulium
362 2981 494 3045 corpus,
528 2963 590 3023 niti
616 2963 700 3024 intra
721 2966 951 3048 praescriptum
975 2962 1133 3045 temporis
1156 2966 1231 3045 spu·

133 3064 201 3111 vlu.
213 3049 315 3124 tium,
343 3047 489 3108 hominis
511 3047 616 3106 anima
638 3041 807 3108 informari
829 3059 934 3135 queat.
988 3045 1116 3108 Deinde
1148 3067 1227 3108 vero

212 3134 297 3195 ittud
319 3131 457 3206 accedit,
485 3132 624 3192 maxima
647 3131 861 3195 admiratione
883 3134 1031 3214 dignum,
1062 3129 1168 3216 quod,
1196 3142 1231 3193 ut

212 3219 354 3305 primum
376 3237 448 3277 cum
469 3236 605 3301 corpore
627 3219 732 3279 anima
751 3219 915 3300 conjuncta
937 3215 1019 3294 suit,
1040 3217 1110 3301 ipso
1131 3217 1231 3280 etiarn

215 3303 374 3365 divinitas
394 3322 465 3363 cum
488 3322 644 3386 corpore,
679 3314 710 3364 et
738 3306 845 3366 anima
874 3306 1020 3389 copulata
1041 3302 1093 3364 est.
1133 3323 1231 3388 quare

213 3384 354 3470 fimu1⁶)
375 3407 491 3472 corpus
513 3382 701 3464 formatum,
723 3401 816 3474 atque
830 3390 1006 3451 animatum
1020 3387 1079 3464 est,
1103 3383 1133 3463 6)
1156 3408 1230 3450 cor-

158 3484 205 3535 rx.
215 3472 309 3560 pori,
339 3480 371 3535 et
397 3474 522 3535 animae
553 3470 710 3536 divinitas
737 3476 912 3557 conjunctu.
941 3497 983 3537 ex
1011 3495 1074 3558 quo
1106 3474 1162 3545 fit,
1196 3484 1230 3533 ut

212 3558 329 3622 codem
356 3558 513 3643 temporis
541 3568 659 3642 puncto
689 3555 848 3644 perfectus
872 3560 976 3637 Deua,
1004 3571 1037 3621 et
1067 3553 1230 3643 perfectus

211 3647 312 3707 homo
335 3640 429 3718 effet,
460 3655 494 3706 et
514 3646 609 3727 virgo
631 3644 821 3707 sanctiffinra
851 3667 946 3723 vera,
974 3655 1006 3707 et
1034 3645 1170 3728 proprie
1201 3654 1230 3721 ¹)

221 3786 656 3805 ῳ

245 3864 278 3930 4)
296 3863 372 3916 Male
396 3868 431 3916 iio
453 3883 503 3933 pro
528 3865 590 3916 alite
610 3861 692 3915 Febr.
711 3888 746 3901 -
776 3864 806 3923 5)
823 3859 903 3914 timul
928 3879 960 3914 uc
985 3862 1077 3933 Aug..
1102 3864 1176 3934 Meg.
1194 3889 1229 3901 -

245 3941 275 3998 6)
292 3947 320 3989 et
344 3934 408 3991 odd.
424 3936 550 4007 Lugdu).

245 4037 274 4100 r)
298 4034 449 4095 lsa.11.t.
481 4034 745 4097 tcor·1‚2t.30.
774 4032 916 4095 (ἷοΙ.2,3.
937 4060 971 4073 -
1007 4033 1049 4100 w)
1070 4034 1152 4086 Rom.
1167 4040 1193 4097 5,
1207 4052 1228 4087 ⁵.

245 4106 309 4160 Gai.
334 4114 367 4170 5.
391 4125 427 4165 22.
448 4134 483 4145 -
517 4107 547 4172 x)
573 4104 893 4166 Matth.1‚1u.en.-
930 4105 968 4171 y)
986 4104 1052 4159 Luc.
1076 4116 1108 4165 1.
1132 4121 1228 4161 to.—

246 4176 277 4244 n)
302 4177 387 4232 Leon.
407 4177 446 4231 Μ.
472 4175 523 4230 ier.
542 4180 588 4236 28.
613 4193 638 4236 c.
657 4185 683 4236 2.
704 4175 746 4241 (p.
768 4176 829 4239 98.)
849 4201 881 4213 -
901 4174 935 4241 u)
955 4174 1052 4240 Cyrtii.
1076 4175 1154 4227 Hier.
1177 4187 1229 4227 cat.

246 4256 291 4308 10.
329 4266 356 4301 n.
379 4255 423 4309 19.
447 4246 489 4314 (ρ.
511 4247 588 4314 116.)
621 4248 722 4301 Athon.
758 4260 825 4298 orat.
840 4254 865 4306 3.
895 4262 919 4302 c.
944 4246 1041 4299 Arion.
1065 4265 1094 4302 rr.
1114 4254 1158 4305 11.
1183 4254 1228 4306 99.

284 4356 292 4372 .
309 4322 349 4386 (p.
365 4325 427 4381 563.
438 4324 500 4381 579·
510 4319 586 4386 583.)
601 4319 738 4386 Epipbarr.
759 4319 862 4374 Artcnr.
882 4335 910 4368 n.
929 4325 973 4378 75.
991 4320 1088 4384 (ruffi)
1106 4318 1228 4385 Gregor.

244 4450 250 4467 ⁸
271 4406 313 4445 az.
330 4406 375 4457 ep·
388 4399 413 4451 1.
441 4390 474 4443 ed
492 4390 608 4443 Cledou.
634 4390 676 4456 (p.
693 4389 769 4456 738.)
793 4387 935 4441 Theodor.
960 4387 1108 4458 Mopsueid.
1137 4406 1166 4442 n.
1182 4396 1230 4449 43.

247 4460 290 4528 (p.
308 4462 381 4527 219.)
405 4461 484 4531 ttutg.
513 4460 548 4514 de
566 4459 622 4514 fide
640 4477 665 4512 c.
682 4467 709 4518 2.
732 4478 759 4514 u.
776 4466 821 4520 17.
847 4462 887 4527 (ρ.
903 4459 981 4527 229.)
1005 4460 1067 4515 dou.
1088 4460 1167 4512 Dant.
1192 4462 1228 4512 da

247 4530 302 4585 fide
324 4533 397 4587 orih.
413 4532 468 4589 nde
486 4540 530 4592 12·
548 4531 591 4599 (Pe
609 4531 686 4597 Ἧι)
