2542 4898
10 39 1232 330 u

708 446 715 456 .

406 445 415 480 l

312 568 399 709 Cup.
425 611 471 685 V.
520 612 578 701 De
603 609 838 689 Poeninum
1003 594 1080 699 36³

35 872 38 876 g
69 799 139 861 lam
167 790 308 883 aliquam
341 793 381 858 de
414 787 583 875 naufragio
613 788 708 860 lic'eat
743 797 903 884 arripare:
938 796 982 858 ita
1015 798 1082 884 posi

69 878 217 947 amissam
235 878 392 968 Baptifmi
414 881 649 957 innocentiam,
671 882 730 965 nisi
750 885 823 968 quia
844 881 881 945 ad
903 880 1082 948 Paeniten-

70 971 138 1031 tiae
158 967 298 1031 tabulam
319 961 502 1044 confugiat,
534 965 600 1027 sine
627 963 724 1029 dubio
742 967 781 1030 de
804 969 870 1051 ejus
898 968 999 1033 salute
1020 969 1082 1033 de-

70 1052 264 1139 sperandum
285 1052 336 1114 est.
401 1049 487 1113 Haec
516 1063 621 1114 autem
649 1074 724 1136 non,
743 1052 784 1136 ad
805 1052 944 1116 l’allorea
965 1054 1080 1130 folum,

72 1138 125 1203 l'ed
157 1137 196 1199 ad
224 1137 367 1224 reliquos
395 1137 493 1199 etiam
526 1134 638 1199 fideles
670 1138 855 1201 excitandos
890 1137 971 1201 dicta
998 1139 1079 1216 fimi

71 1245 116 1287 ne
137 1217 224 1287 forte
246 1224 283 1287 in
305 1223 354 1287 eia
376 1223 424 1285 rei
445 1221 585 1284 maxime
608 1222 796 1286 necessariae
826 1224 948 1286 incuria
969 1245 1081 1310 repre-

72 1306 248 1372 hendatur.
311 1306 456 1372 Primum
489 1307 576 1369 enim
599 1310 778 1371 communis
802 1304 989 1389 fragilitatis
1010 1331 1082 1373 rue-

73 1414 185 1458 moree
206 1391 296 1456 omni
319 1393 417 1455 studio
441 1402 552 1477 optare
579 1391 714 1468 debent,
749 1405 784 1456 ut
805 1395 915 1457 divina
937 1416 999 1478 ope
1020 1388 1083 1457 'ad-

73 1480 156 1563 juti,
184 1478 250 1541 sine
270 1480 357 1555 cafu,
392 1489 445 1540 aut
466 1479 669 1580 prolapsione
688 1479 793 1566 aliqua
815 1480 849 1542 in
871 1480 925 1542 via
947 1479 1084 1549 Domini

73 1562 230 1649 progredi
264 1563 393 1650 possint.
432 1561 517 1649 quod
550 1565 575 1626 11
607 1585 846 1651 nonnumquam
878 1565 1083 1641 offenderint,

74 1663 143 1712 tum
172 1670 251 1711 vero
284 1654 437 1712 fortunam
460 1646 521 1709 Dei
557 1649 785 1729 benignitatem
810 1653 989 1728 intuentes,
1025 1654 1083 1734 qui

73 1747 237 1821 tamquam
258 1734 361 1796 bonus
382 1732 482 1818 pallor·
496 1733 530 1808 ἃ)
553 1735 663 1797 ovium
697 1740 821 1798 suarum
843 1738 973 1799 vulnera
997 1738 1085 1817 obli·

74 1840 170 1901 gare,
197 1819 309 1905 eisque
330 1819 452 1881 mederi
474 1818 572 1895 folet,
611 1820 672 1881 hoc
699 1819 939 1884 saluberrimum
963 1821 1085 1884 Poeni-

78 1904 199 1968 tentiae
217 1903 484 1968 medicamentum
507 1925 680 1993 numquam
700 1905 736 1969 in
758 1904 846 1969 aliud
870 1921 996 1993 ternpus
1017 1901 1086 1971 dif-

75 1987 247 2055 fereudum
270 1988 333 2053 effe
356 1991 550 2071 cogitabunt.
602 2002 610 2045 t

73 2142 164 2231 [Qu.
182 2157 214 2219 2.
259 2144 375 2224 (laram
395 2144 498 2210 ucria
523 2143 568 2232 est
595 2140 948 2233 verdirpoenitentioe
967 2142 1088 2234 stgni·
1183 2146 1185 2150 ”

254 2228 430 2318 ficatio?]
806 2234 827 2319 ’ἠ
1031 2252 1033 2259 ⁴

139 2331 184 2395 Ut
204 2333 344 2395 *autem*
365 2355 433 2395 rem
461 2330 560 2417 ipsam
580 2332 818 2414 aggrediamur,
852 2331 942 2416 prius
976 2332 1129 2418 expli-11·
1173 2341 1196 2384 ¹·

73 2416 176 2481 canda
197 2419 238 2484 att
260 2419 350 2479 varia
379 2419 472 2502 hujus
503 2421 647 2481 nominis
671 2421 822 2503 poteslas,
850 2428 882 2478 et
903 2419 1015 2480 notio:
1045 2437 1086 2481 ne

72 2504 120 2566 ali
146 2506 196 2566 uis
217 2505 422 2584 ambiguitate
445 2504 536 2565 vocis
558 2505 593 2566 in
614 2524 755 2566 errorem
776 2502 952 2565 inducatur.
996 2501 1089 2564 Non·

75 2526 166 2654 nulli
187 2591 274 2653 enim
292 2589 527 2652 Paenitentiam
546 2610 606 2674 pro
629 2583 848 2652 satisfactione
867 2584 894 2668 e)
916 2588 1089 2674 accipiunt.

77 2670 173 2753 Atti,
205 2696 222 2735 a
253 2675 429 2737 catholicae
462 2672 539 2736 fidei
572 2673 715 2736 doctrina
748 2672 930 2752 longissime
961 2672 1090 2751 remoti,

80 2780 155 2823 cum
170 2758 362 2824 arbitrentur
377 2757 614 2823 Poenitentiam
628 2759 750 2821 nullam
770 2759 924 2843 temporis
946 2770 1090 2842 praeter-

76 2844 121 2909 iti
144 2845 303 2909 rationem
325 2844 458 2918 habere,
497 2843 583 2905 nihil
606 2843 711 2922 aliud,
734 2866 825 2930 quam
847 2865 965 2906 novam
988 2844 1089 2906 vitam

78 2927 191 3012 attat)
213 2930 382 2994 definiunt.
441 2928 629 2992 Ducendum
659 2928 699 2992 est
726 2930 841 3010 igitur,
876 2929 1090 3015 multiplicem

79 3013 145 3079 effe
183 3017 278 3099 hujus
314 3016 458 3080 nominis
489 3014 764 3094 significationem.
827 3013 971 3077 Primum
1002 3015 1090 3078 enirn

77 3101 283 3190 poenitentia
311 3099 351 3164 de
379 3103 422 3163 iis
455 3098 589 3176 dicitur,
622 3102 735 3187 quibus
769 3099 889 3185 aliquid
929 3099 1091 3186 displicet,

79 3184 167 3275 quod
190 3200 263 3250 ante
283 3187 449 3272 placuerit,
471 3187 560 3248 nulla
582 3186 691 3248 habita
712 3187 838 3248 ratione
853 3185 946 3267 hujus
966 3187 1091 3271 cogito·
1207 3189 1212 3205 '

79 3272 204 3348 tionis,
226 3275 344 3334 burrum
363 3293 404 3335 ne
426 3293 466 3334 an
484 3273 602 3334 malum
624 3269 735 3338 fuerit.
799 3269 853 3333 sic
875 3292 987 3333 omnes
1004 3293 1091 3354 poe-

79 3357 188 3434 nitet,
225 3379 360 3444 quorum
392 3356 517 3419 tristitia
546 3350 717 3421 fecundum
747 3357 901 3418 saeculum
930 3358 986 3432 ott,
1024 3379 1092 3419 non

80 3442 255 3507 fecundum
279 3441 406 3517 Deum,
439 3444 666 3525 cujusmodissl
688 3443 888 3527 poenitentia
919 3464 985 3505 non
1006 3442 1092 3513 l'alu-

80 3541 150 3591 tem
182 3528 295 3605 affert,
326 3527 378 3591 sed
408 3540 557 3590 mortem.
628 3525 739 3592 Altera
756 3525 790 3606 h)
820 3525 859 3588 est
881 3527 1092 3612 poenitentia,

81 3635 155 3677 curu
178 3615 250 3700 quis
273 3635 314 3676 ex
336 3613 453 3676 scelere
474 3612 625 3690 admisso,
653 3613 736 3699 quod
760 3611 888 3698 quidem
910 3623 1001 3674 antea
1020 3613 1091 3711 pla·

83 3701 191 3772 cebet,
213 3699 360 3761 dolorem
381 3719 449 3761 non
469 3696 544 3772 Dei,
564 3699 616 3762 fed
640 3700 687 3762 fui
710 3699 720 3759 i
747 3697 808 3758 frus
829 3699 918 3759 caula
939 3697 1090 3782 concipit.

80 3781 239 3860 uertici)
262 3784 321 3862 eil,
357 3804 428 3845 cum
457 3804 525 3848 non
560 3786 663 3848 folum
695 3720 973 3873 adprnifsifceleris
1002 3787 1091 3846 caula

118 4000 206 4068 ruet.
220 4001 270 4056 Ea.
288 4009 332 4066 31,
352 4019 390 4060 ta.
407 4030 443 4042 -
478 4003 506 4070 a)
526 4002 588 4057 Hoo
612 3999 779 4069 laepiffrmer
808 3999 883 4053 Petr·
902 3997 1091 4053 Bruttiorum

117 4075 154 4127 de
171 4079 279 4139 poenit.
303 4074 348 4126 vel
374 4072 503 4127 fafiefaot·
530 4072 634 4142 fcripfrt
662 4070 850 4140 (p0444fqp)
877 4082 958 4140 atque
982 4071 1092 4138 publica
1125 4116 1133 4123 .

118 4147 249 4212 antiquae
270 4144 404 4198 Ecclesiae
423 4149 593 4212 poenitentia
611 4144 762 4197 satisfactio
781 4154 847 4206 erat,
866 4144 925 4194 ileo
943 4141 1094 4196 Ecclesiae-

119 4230 175 4284 que
194 4218 308 4270 reddita.
326 4241 362 4256 -
398 4216 423 4339 li
437 4215 550 4273 Hoo'su
572 4216 743 4269 Lutheranoc
761 4225 788 4267 et
805 4212 1000 4278 lteforrnatoa,
1021 4229 1091 4282 quor

119 4297 238 4349 vocant,
255 4287 359 4341 dictum
382 4304 397 4340 e
427 4327 434 4351 ,
460 4286 497 4340 cf.
522 4285 602 4354 supra
630 4303 690 4353 pag.
700 4290 746 4345 64.
769 4283 869 4352 Cetae.
893 4297 962 4336 extr.
983 4309 1014 4324 -
1057 4283 1094 4351 g)

120 4356 212 4418 2001·
229 4366 256 4420 Ἰν
276 4375 310 4416 ¹0·
321 4386 357 4398 '⁸
380 4357 414 4426 ll)
426 4358 577 4423 Masillam
594 4375 616 4417 ³·
634 4354 717 4411 Hebf·
732 4364 775 4418 ¹²5
794 4374 829 4414 17·
844 4382 879 4397 ““’
902 4355 928 4425 d)
940 4356 1011 4411 soei·
1021 4363 1047 4420 2,
1056 4371 1091 4413 120
