2542 4898
361 560 421 671 Ilo
447 598 616 671 nenfioto
643 540 776 673 misai.
930 706 936 727 Ι
1028 534 1095 697 79Ι

55 780 284 857 consueverit:
315 804 384 863 nen
405 795 512 847 tamen
533 782 604 845 illis
632 783 821 847 sacrificinm
846 786 959 851 offerri
979 786 1083 869 docet,

59 872 114 933 sod
137 870 208 933 Deo
231 871 313 945 soli,
342 871 397 955 qui
425 870 505 930 illos
534 870 721 941 coronarit;
751 871 836 933 unde
858 895 917 936 nec
936 877 1084 941 saeerdofl

55 958 167 1018 dir-ere
189 956 290 1032 solet,
320 958 421 1017 oss'ero
446 956 505 1015 tibi
533 957 723 1017 sacrificium
741 956 854 1034 Petro,
883 962 935 1022 vel
963 961 1086 1040 l'aule;¹

20 1088 24 1093 -
56 1042 112 1105 sud
136 1042 209 1103 Deo
230 1042 270 1103 de
292 1040 426 1103 illorum
444 1042 591 1102 victoriis
610 1042 728 1121 gratias
751 1064 866 1122 agens,
887 1067 1000 1108 eorum
1020 1070 1083 1133 pa-

53 1128 198 1191 trocinia
213 1126 385 1211 implorat,
410 1138 445 1187 ot
463 1128 521 1211 ipti
540 1149 601 1211 pro
616 1128 712 1188 nobis
730 1127 928 1194 intercedere
943 1132 1083 1212 dignen·

60 1225 113 1277 tur
136 1213 173 1277 in
195 1213 312 1283 caelis,
333 1233 470 1298 quorum
490 1213 681 1276 montorium
701 1206 837 1279 faoiruus
857 1216 895 1280 in
916 1221 1044 1287 terris,

467 1382 563 1447 Gir.
605 1382 675 1449 IV.
853 1439 855 1443 ,

367 1494 448 1583 ¹[De
471 1518 600 1563 canone
626 1496 774 1591 mistae]
904 1542 918 1564 e

126 1613 170 1679 Et
191 1636 263 1677 curn
283 1618 389 1679 sancta
414 1620 519 1677 sancte
541 1616 753 1679 administrari
775 1614 964 1693 conveniat,
983 1613 1086 1702 fitque
1125 1628 1129 1637 '

63 1701 129 1763 boo
156 1702 304 1764 omnium
331 1700 560 1765 sanctissimum
586 1704 794 1779 l'acriliciurn3
824 1705 950 1765 ecclesia
971 1704 1088 1765 catho-

64 1786 147 1862 lica,
178 1799 215 1847 ut
244 1787 340 1867 digne
362 1798 608 1873 reverenterque
636 1789 822 1865 offerretur,
843 1810 878 1851 ac
902 1784 1102 1873 percipere-¹

66 1885 139 1945 tur,
167 1878 287 1938 sacrum
305 1893 460 1935 canonem
480 1874 594 1935 multis
617 1885 691 1936 ante
712 1876 846 1937 saeculis
866 1876 1019 1949 instituit,
1041 1876 1089 1936 ita

65 1962 106 2020 ab
132 1960 223 2021 omni
253 1979 362 2021 erroro
389 1980 523 2045 purum,
558 1970 594 2019 ut
624 1958 713 2021 nihil
746 1962 782 2022 in
808 1981 847 2021 eo
876 1961 1090 2036 contineatur,

68 2044 158 2129 quod
186 2066 254 2106 nou
284 2042 426 2106 maxime
442 2040 468 2127 r)
496 2046 711 2122 sanctitatem,
741 2066 775 2108 ac
803 2046 957 2131 pietatem
985 2066 1090 2132 quan·
1165 2040 1169 2053 '

67 2136 143 2192 (lam
166 2128 328 2203 redoleat,
349 2141 537 2215 urentesque
559 2132 765 2192 oll'erentium
786 2129 824 2192 in
843 2130 948 2193 Deum
977 2133 1091 2211 eriget·

67 2214 103 2279 Is
130 2217 222 2278 enirn
244 2216 360 2277 constat
380 2237 453 2277 cum
473 2238 516 2277 ex
544 2215 618 2300 ipsis
644 2215 780 2277 Domini
807 2218 930 2295 verbis,
952 2228 1019 2278 tum
1046 2236 1090 2281 ex

70 2298 304 2387 Apostolorum
324 2300 571 2378 traditionibus,
600 2322 635 2363 ac
655 2307 836 2366 sanctorum
856 2323 982 2390 quoque
1002 2321 1090 2388 pott-
1161 2358 1169 2375 .

69 2389 196 2451 tilio-um
220 2388 288 2473 piis
317 2387 580 2450 institutionibus.

494 2560 549 2625 Cn
561 2585 590 2624 e.
631 2560 679 2624 V.

111 2671 186 2759 [De
207 2668 422 2758 solemnibus
451 2672 573 2762 uriffize
591 2666 772 2759 sacrificii
800 2668 1049 2753 caerimoniis]

135 2786 280 2873 Cumque
308 2798 420 2848 natura
449 2788 620 2849 bominum
643 2786 667 2872 ⁵)
699 2808 735 2849 oa
762 2787 817 2863 sit,
842 2797 878 2847 ut
908 2809 975 2848 non
996 2781 1093 2849 facile

70 2890 168 2964 queat
190 2880 255 2935 bue
286 2872 491 2935 adminiculis
521 2876 737 2935 exterioribus
764 2874 802 2933 ad
832 2893 937 2933 rerum
961 2870 1095 2933 divina·

70 2986 146 3025 rurn
166 2960 412 3021 meditationem
437 2962 582 3025 sustolli:
604 2971 772 3044 propterea
794 2958 848 3044 piu
867 2970 968 3018 mater
990 2958 1095 3020 ecole-

73 3052 115 3109 lia
137 3049 222 3108 ritus
244 3044 416 3131 quosdam,
445 3056 481 3105 ut
504 3048 626 3107 scilicet
648 3045 801 3131 quaedam
821 3041 982 3105 summiliu
1004 3064 1094 3121 vore,

70 3136 137 3197 alia
163 3154 242 3193 vero
266 3131 418 3206 elatiore,
446 3132 484 3191 in
504 3130 597 3193 milla
618 3132 919 3216 pronuntiarentur,
947 3129 1095 3191 instituit.

71 3218 297 3283 caerimonias
325 3217 403 3277 item
425 3214 591 3291 adhibuit,
620 3230 655 3277 ut
676 3218 819 3295 uirilitas
843 3214 1096 3293 benedictiones,

71 3308 216 3377 lumina,
247 3301 477 3380 thymiamata,
510 3302 629 3379 restes,
656 3303 780 3387 aliaque
807 3301 841 3361 id
862 3321 962 3380 genus
991 3304 1118 3363 multa·

73 3413 117 3454 ex
138 3389 311 3475 apostoliea
339 3386 510 3470 disciplina
538 3400 570 3449 et
591 3386 781 3461 traditione,
813 3408 875 3471 quo
898 3398 930 3447 ot
950 3380 1095 3481 majellas

73 3479 155 3537 tanti
184 3473 330 3536 lacrilioii
353 3472 643 3547 commemlaretur,
670 3485 702 3532 et
724 3482 847 3533 mentes
869 3472 1016 3533 sulelium
1036 3492 1096 3555 pet·
1158 3504 1165 3515 ·

75 3564 155 3625 haer
194 3559 333 3619 visibilia
367 3559 538 3635 roligionis
570 3569 604 3620 et
633 3558 765 3641 pietatis
797 3558 883 3635 ligna
915 3555 954 3616 ad
988 3576 1096 3620 rerum

73 3646 315 3718 altissimarum,
339 3665 417 3727 quae
441 3644 477 3706 in
496 3644 560 3707 hoc
578 3644 732 3706 sacrificio
753 3644 873 3718 latent,
894 3641 1097 3726 contemplu-

75 3737 200 3799 tionetu
223 3731 450 3793 excitarentur.

377 3884 382 3898 '
480 3866 572 3931 Car.
613 3865 684 3931 VI.

111 3980 185 4069 [De
206 3978 328 4071 miffa,
349 3982 388 4047 iu
410 4005 480 4070 quo
497 3982 599 4071 solue
614 3980 781 4072 sitrerdoe
802 3978 1061 4065 communicas]

140 4098 280 4185 Optaret
301 4099 431 4185 quidem
452 4104 643 4163 sacrosancta
666 4098 823 4178 syuodus‚
850 4108 887 4159 ut
907 4099 943 4159 in
962 4092 1095 4175 singulis

78 4186 182 4251 millis
216 4184 329 4247 fideles
365 4185 517 4247 adstantes
554 4208 621 4248 non
648 4188 753 4247 solutu
780 4184 941 4269 spirituali
970 4182 1098 4257 affectu,

113 4414 142 4479 r)
160 4414 259 4465 lnnoc.
277 4414 324 4465 lll.
357 4430 401 4479 ap.
429 4414 546 4481 Gregor.
572 4414 674 4466 decret.
703 4410 735 4467 L.
756 4412 805 4466 lli·
833 4412 877 4463 ttt.
896 4410 942 4471 41·
968 4418 994 4455 0·
1009 4405 1038 4464 6·
1059 4423 1098 4445 ’-

114 4488 143 4553 s)
159 4486 238 4554 Aug.
261 4482 296 4537 de
314 4482 364 4537 lib.
383 4482 439 4537 arb.
456 4486 512 4551 ΙΙΙ,
529 4494 573 4547 10.
597 4489 637 4553 (p.
651 4486 726 4548 462.)
