2542 4898
1177 439 1185 457 b

306 508 314 539 l

86 672 92 676 ,
470 584 687 661 t’raasrtin·¹
728 584 731 595 '
931 618 934 635 ·
990 602 1067 675 105

55 768 187 868 [Qua
218 764 602 859 Qua-mffmfan,
615 766 824 834 oramate·
837 764 1071 862 amicastu

215 856 294 935 dio,
306 852 509 942 summique
536 850 726 939 Pontificio
746 855 977 935 atteror-itate,
1036 857 1071 947 ss

143 1012 146 1019 ,
216 950 269 1005 tot
282 938 462 1023 doctrinae
478 936 692 1024 Christianae
703 936 915 1022 conscriptae
930 939 966 1002 in
997 944 1072 1008 itu-

216 1024 487 1200 ²²⁰''⁶⁸·.,']‘⁰⁹“m
506 1021 760 1110 Gatecbrsmum
773 1019 974 1114 Pastoribua
987 1049 1072 1114 pro-

190 1129 342 1197 ponere
1103 1180 1106 1185 Ι

120 1219 224 1284 Multi
253 1221 382 1309 quidem
407 1218 545 1282 *adhuc*
572 1218 609 1282 in
638 1219 700 1282 hoc
734 1218 922 1306 scriptionis
954 1233 1147 1305 generem.
1196 1250 1200 1258 «

57 1330 132 1371 curn
155 1328 272 1388 magna
295 1309 425 1393 pietatis
458 1316 492 1368 et
513 1304 676 1368 doctrinae
705 1305 799 1367 lauda
831 1307 946 1370 versati
978 1314 1073 1374 sunt:

57 1393 111 1457 sed
135 1404 247 1458 tamen
267 1391 412 1457 Patribus
434 1392 539 1454 visum
559 1389 600 1452 est
622 1391 763 1454 inaximo
783 1386 919 1470 referre,
946 1395 970 1456 si
989 1395 1073 1460 liber

42 1484 186 1543 <sanctae
212 1478 337 1559 Synodi
357 1479 546 1541 auctoritate
568 1477 733 1554 ederetur,
755 1498 797 1539 ex
832 1499 894 1563 quo
925 1479 1073 1559 Paroclri,

57 1569 113 1627 ret
137 1584 253 1628 ornnes
274 1565 350 1642 alii,
375 1566 491 1651 quibua
518 1562 653 1624 docendi
680 1564 795 1625 rnunu'a
819 1561 1000 1648 impolitum
1021 1568 1074 1643 eti,

59 1661 146 1713 certa
169 1662 338 1736 praecepta
358 1663 486 1735 petere,
526 1658 619 1733 atque
638 1646 826 1732 depromere
861 1650 899 1712 ad
926 1652 1073 1716 fidelium

58 1736 320 1799 aedificationem
338 1733 479 1819 pollint3
500 1743 535 1795 ut
557 1733 822 1819 quemadmodum
845 1737 878 1812 v)
908 1758 999 1799 unua
1032 1738 1075 1801 att

58 1818 260 1900 Dominus,
288 1840 361 1883 rana
375 1813 485 1905 fider,
519 1820 564 1879 ita
585 1820 683 1882 etiarn
704 1838 767 1881 una
783 1821 824 1880 sit
846 1822 1015 1885 tradendae
1045 1821 1074 1901 ⁹)

59 1905 158 1983 fidei,
191 1905 230 1968 ad
259 1904 430 1991 omniaque
458 1905 590 1990 pietatis
620 1902 723 1965 officia
744 1904 901 1990 populum
923 1905 1076 1971 Christia-

58 2012 140 2055 num
161 1988 349 2068 erudiendi,
371 1991 552 2054 communia
584 1991 712 2070 regula,
740 1994 834 2077 atque
855 1992 1074 2079 praescriptio.

60 2122 148 2220 [Qu.
161 2136 193 2203 9.
214 2127 350 2193 Suntne
368 2121 490 2211 igitur
504 2134 625 2189 exacte
647 2123 814 2214 universa
833 2126 968 2219 acassrae
989 2127 1075 2193 reli-

215 2211 335 2299 gionis
356 2204 529 2295 dogmata
549 2207 607 2273 tric
625 2208 778 2299 diacusta
791 2206 825 2302 Ρ]

121 2324 258 2407 *Ergo,*
285 2346 357 2388 cunr
378 2324 479 2385 multa
501 2324 580 2395 sint,
601 2343 682 2408 quae
710 2325 749 2385 ad
780 2326 880 2388 *hanc
901 2325 1077 2390 rationem*
1086 2328 1162 2376 Μ

63 2410 278 2498 [Christianae
297 2409 471 2493 roligionis
488 2405 733 2493 professionem]
757 2412 919 2495 pertinere
941 2412 1078 2475 ridean-

60 2512 124 2573 tur,
143 2519 240 2562 nemo
252 2494 420 2567 existimet,
439 2493 521 2555 illud
536 2498 658 2557 sanctae
676 2495 808 2574 Synodo
823 2502 864 2577 ¹⁰)
879 2497 1077 2581 propositum

60 2580 178 2661 suisl'e,
203 2594 237 2644 ut
257 2583 365 2643 omnia
386 2578 580 2642 Christianae
601 2578 678 2642 fidei
701 2581 869 2660 dogmata,
898 2603 963 2645 uno
991 2585 1097 2645 libro‘

61 2670 306 2756 comprehensa,
329 2665 488 2730 subtiliter
502 2666 756 2750 explicarentur:
778 2667 861 2752 quod
885 2670 923 2728 ab
944 2669 986 2728 iis
1005 2670 1079 2731 fieri

60 2759 165 2832 solet,
199 2756 256 2841 qui
280 2753 313 2815 le
332 2753 529 2838 profitentur
557 2753 724 2815 universae
753 2754 923 2831 religionis
953 2753 1079 2837 insitu,-

58 2844 199 2915 tionem,
217 2851 249 2902 et
264 2838 442 2905 doctrinam
457 2835 599 2898 tradere:
618 2836 651 2897 id
670 2837 757 2899 enirn
772 2849 804 2899 et
819 2838 942 2901 infiniti
960 2839 1078 2923 *pene*

59 2929 175 3013 operio
197 2921 315 2999 fuisset,
336 2933 370 2985 et
387 2922 530 2984 instituto
549 2923 658 2983 minua
678 2924 854 2986 convenire
876 2922 1076 3009 perspicuum

60 3017 121 3090 eb,
145 3011 201 3076 sed
232 3010 384 3097 quoniam
405 3007 585 3083 Pambos,
614 3007 867 3095 sacerdotesque,
897 3013 1076 3073 animarum

60 3111 246 3173 curatores,
275 3116 385 3157 earum
412 3113 518 3156 rerum
542 3094 729 3174 cognitione
751 3095 948 3158 instruendos
968 3099 1077 3158 suece-

60 3189 131 3273 pit,
153 3203 235 3269 quae
256 3179 420 3266 pastoralis
440 3181 583 3241 muneris
605 3181 746 3242 maxime
767 3182 920 3267 propriae
941 3182 1022 3257 sunt,
1044 3192 1077 3244 at

61 3272 100 3334 ad
123 3269 272 3332 fidelium
293 3276 420 3350 captum
442 3265 714 3342 accommodatae,
736 3286 773 3329 ca
793 3277 916 3330 tanturn
938 3269 973 3329 in
1004 3288 1076 3329 rne-

63 3357 156 3419 diurn
178 3352 286 3416 afferri
320 3351 454 3427 voluit,
476 3371 555 3435 quaa
585 3351 643 3412 hac
670 3351 710 3413 *in
738 3372 774 3414 re
802 3352 894 3437 pium
915 3352 1075 3416 Pastorum

61 3443 212 3515 ttudtum,
235 3436 320 3501 siin
343 3434 579 3498 difficilioribus
600 3436 784 3499 divinarum
803 3459 912 3501 rerum
930 3439 1078 3522 disputa-

60 3529 212 3591 tionibus
245 3544 312 3587 non
346 3523 391 3584 ita
421 3522 540 3584 versati
580 3515 720 3593 fuerint,
757 3521 906 3604 adjuvare
938 3524 1075 3610 pollent.
1174 3578 1176 3583 Α

62 3613 160 3697 Quae
172 3632 245 3673 cum
261 3612 307 3672 ita
321 3607 392 3686 sint,
413 3618 581 3694 antequam
601 3608 639 3669 ad
660 3629 695 3669 ea
707 3608 894 3688 singillatim
915 3609 1140 3675 tractandam.

62 3699 261 3773 accedamus,
300 3694 414 3780 quibua
436 3694 529 3775 liujus
552 3692 715 3755 doctrinae
739 3698 860 3756 summa
883 3694 1075 3771 continetur,

61 3786 225 3849 instit-ntae
253 3779 301 3842 rei
323 3778 402 3840 ordo
429 3780 584 3862 postulat,
611 3790 648 3840 ut
676 3800 773 3863 pauca
794 3772 947 3866 quaedam
968 3800 1075 3863 expo-

62 3882 198 3946 nantur,
224 3884 304 3952 quae
324 3863 464 3925 l'allorca
492 3864 705 3940 considerare,
727 3867 847 3951 sibique
869 3878 942 3929 aute
962 3869 1074 3928 oculos

66 3974 253 4044 proponere
296 3950 332 4012 in
368 3949 484 4037 primis
512 3949 667 4032 [deheub]
709 3951 862 4023 *debean
896 3963 932 4014 ut
964 3952 1076 4027 scient,
1128 3971 1163 4012 ro.

63 4063 226 4130 quonam,
252 4034 357 4100 veluti
390 4034 428 4097 ad
450 4034 571 4115 finem,
596 4036 705 4100 omnia
725 4059 835 4101 eorum
856 4036 1004 4129 consilia,
1024 4037 1075 4099 la·

96 4281 135 4363 9)
152 4283 202 4333 Ita
216 4280 299 4331 etiam
317 4275 418 4344 Αἰδὼς
429 4275 480 4345 sed
489 4274 615 4330 tradenda
633 4274 729 4333 Col.1.,
747 4272 836 4340 Lcod,
847 4272 970 4345 Lugd2.
983 4297 1012 4311 -
1023 4274 1075 4340 10)
1116 4323 1131 4375 ⁶

98 4353 210 4421 byrrodl
235 4349 318 4404 Febr.
465 4428 480 4435 ..
779 4362 782 4367 ·

97 4480 130 4545 a)
149 4475 224 4545 Epir.
243 4484 269 4536 4.
284 4491 308 4529 t·
