2528 4852
170 644 246 719 574
296 630 439 702 catech.
464 629 571 698 Rom.
586 626 635 697 Ῥ.
651 624 713 694 lll.
763 624 823 695 De
847 624 1041 723 Decelogo.
1093 614 1101 631 ''

44 885 51 903 ,
169 814 306 884 ernuiret
329 812 487 889 dulcem,
512 820 548 875 et
573 828 734 872 amoram
761 808 921 895 aquom?
974 810 1067 895 Quae
1085 814 1156 879 auin

169 908 280 986 lingua
302 906 391 988 prius
412 900 559 973 laoderus
580 908 613 959 et
634 897 770 975 gloriam
793 896 862 957 Deo
885 897 1063 977 tribuebat,
1087 902 1158 985 pol·

170 1012 223 1067 ea,
261 1002 409 1074 quantum
435 985 467 1046 in
489 1005 525 1045 ea
548 982 606 1057 eil,
634 1003 706 1043 eum
728 982 906 1057 ignominia
918 982 1041 1060 allicit,
1062 1004 1096 1046 ac
1114 984 1160 1048 dc·
1192 992 1196 1028 ¹

170 1076 299 1149 decore,
320 1069 515 1149 mentiendo.
537 1086 632 1153 quare
654 1069 708 1141 lit,
739 1074 821 1141 ¹¹)ut
841 1088 859 1128 a
880 1068 1019 1132 caelelliu
1039 1072 1161 1133 beatitu-
1194 1078 1196 1113 ³

170 1160 257 1223 dinis
286 1158 475 1244 pullel'lione
499 1152 663 1217 mendaces
693 1152 910 1218 excludantur.
976 1152 1058 1219 (lum
1088 1157 1160 1219 enin

168 1244 206 1307 in
237 1245 321 1305 hunc
351 1240 480 1305 modum
510 1249 672 1325 quaereret
702 1234 811 1299 aDeu
833 1236 956 1311 David,
977 1238 1162 1320 ')Demr'aa

169 1327 247 1415 quia
267 1320 440 1390 habitabit
460 1324 497 1387 in
520 1318 741 1386 tabernaculo
762 1321 848 1385 tuo?
879 1326 1048 1408 respondit
1068 1325 1161 1412 Spiri-

168 1426 220 1475 tus
241 1416 373 1488 sanctus,
396 1413 440 1488 W)
456 1407 528 1489 Qui
547 1404 702 1491 loquitur
721 1404 906 1471 veritatem
925 1409 964 1471 in
983 1408 1161 1497 cordesua

167 1494 229 1583 qui
249 1517 355 1559 none
382 1494 412 1557 it
434 1490 552 1556 dolum
572 1490 611 1553 in
628 1488 756 1576 lingua
774 1490 851 1575 (rm.
892 1493 1075 1559 Maximum
1096 1514 1161 1559 varo

128 1632 133 1649 .
168 1584 266 1647 etiam
286 1516 380 1644 illud
396 1581 431 1642 in
454 1576 619 1642 mendacio
641 1577 882 1641 incommodum
904 1579 964 1655 eli,
996 1581 1084 1667 quod
1105 1577 1162 1645 lare

86 1666 205 1731 most
225 1665 409 1745 insanabilia
431 1666 460 1727 ie
482 1663 584 1725 animi
603 1664 743 1728 morbac.
784 1660 864 1727 Cum
891 1666 978 1729 enirn
1001 1679 1161 1751 peccaturo,

142 1816 145 1821 ,
167 1753 274 1879 guod,
295 1748 465 1815 inferendo
488 1744 568 1811 lell'o
591 1749 743 1827 crimine,
761 1760 815 1813 aut
837 1753 979 1834 proximi
1004 1749 1119 1829 lernae,
1135 1752 1172 1815 α’

187 1835 215 1919 ⁵)
238 1836 466 1901 exillirnutioni
489 1834 710 1912 obtrectando,
740 1836 938 1901 commillum
959 1838 1008 1915 lit,
1031 1860 1098 1901 raon
1118 1858 1162 1899 re·

166 1926 330 2000 mittatur,
353 1922 413 1986 nin
434 1920 644 1984 calumniator
664 1920 715 1996 ei,
743 1941 837 2007 quern
855 1916 1045 1986 c'rirninetu'a
1066 1918 1161 1997 luerit,

166 2004 339 2072 laticlaclat
360 2008 568 2090 injuriarurnr
590 2004 622 2066 id
644 2016 748 2068 autern
769 2004 899 2069 difficile
920 2010 976 2072 fiat
996 2010 1038 2072 ab
1063 2008 1162 2072 honri·

165 2096 279 2169 nibus,
302 2094 426 2179 primo,
459 2104 493 2154 ut
512 2103 603 2152 antea
624 2092 823 2165 monuimus,
856 2093 998 2178 pudore,
1029 2091 1162 2158 etiami

166 2179 298 2266 quedem
319 2176 484 2259 dignitatis
506 2175 663 2260 opinione
685 2175 862 2241 deterritis:
893 2178 1009 2265 quiin
1033 2200 1074 2242 eo
1095 2200 1161 2265 per·

164 2275 234 2326 calo
256 2268 305 2341 lit,
327 2265 411 2326 hunc
432 2261 591 2324 addictum
607 2259 669 2327 elle
685 2264 823 2324 aeternio
841 2259 1021 2327 inferorum
1048 2268 1160 2351 poenit,

163 2348 308 2412 dubitare
341 2371 408 2412 non
430 2346 602 2434 pollumus.
632 2369 733 2432 neque
761 2349 848 2411 enlm
866 2351 1034 2436 quiequam
1058 2356 1158 2436 speret,

163 2440 196 2498 le
229 2436 477 2504 calumniarum,
516 2434 569 2494 vel
597 2433 836 2497 obtrectationis
866 2438 995 2499 verriam
1021 2435 1159 2523 consequi
1196 2474 1198 2497 !

163 2519 270 2604 polle,
302 2522 360 2582 nili
383 2521 473 2603 prius
495 2518 526 2578 ei
548 2512 734 2589 satisfaciat,
766 2519 805 2582 de
826 2523 911 2604 cujus
932 2523 1108 2603 dignitate,
1133 2530 1160 2583 et

162 2602 246 2668 sema
269 2617 322 2667 eut
343 2605 468 2690 publice
491 2604 525 2665 in
547 2602 683 2685 judicio,
702 2617 756 2667 eut
775 2608 871 2668 etiam
893 2608 928 2669 in
950 2609 1102 2694 privatis,
1132 2613 1158 2668 cl

72 2688 372 2759 :miamiliaribue
392 2689 605 2768 congressibus
624 2689 743 2776 aliquid
766 2690 950 2754 detraxerit.
995 2693 1156 2767 Praeterea.

162 2778 313 2839 letissima
334 2786 420 2862 patet
444 2776 505 2835 lroc
526 2773 772 2852 detrimentum,
794 2790 826 2839 et
849 2780 882 2839 in
904 2791 1030 2842 ceteros
1048 2779 1157 2842 dillon-

163 2862 266 2936 ditur3
289 2856 408 2948 qua²⁶)
431 2861 588 2933 vanitate,
619 2873 649 2923 et
673 2863 836 2925 mendacio
858 2863 956 2939 fides,
993 2887 1030 2927 ac
1054 2868 1156 2928 variter

161 2949 335 3023 tolluntur,
367 2946 535 3007 arctil'lirno
558 2946 683 3008 vincula
705 2949 862 3011 societatis
885 2950 1062 3014 humanae:
1094 2947 1156 3034 qui·

161 3034 218 3095 bus
241 3032 382 3110 sublatis,
407 3032 547 3115 seqnitur
570 3036 687 3093 surnma
711 3035 796 3095 vitae
818 3029 979 3113 conlusio,
1001 3047 1036 3100 ut
1058 3033 1155 3097 horni-

61 3140 217 3185 mumee
239 3119 325 3180 nihil
354 3138 372 3177 e
399 3116 609 3177 doemonibus
634 3117 764 3180 dillerre
794 3118 971 3186 videantur.
1032 3120 1155 3183 Docebit

161 3224 278 3287 porro,
311 3200 471 3264 vitandam
502 3198 564 3262 elle
595 3203 838 3287 loquacitatem,
870 3204 1050 3269 l‘nrochuo:
1080 3206 1153 3286 cujus

159 3287 318 3349 vitatione
345 3298 376 3348 et
406 3287 529 3369 reliquo
555 3300 679 3370 peccata
709 3284 891 3369 fugiuntur,
924 3302 956 3352 et
985 3290 1027 3351 est
1054 3309 1153 3370 mugra

159 3373 264 3434 cantio
287 3370 461 3434 mendacii:
490 3391 590 3456 aquo
614 3373 698 3435 vitio
719 3376 866 3461 loquaces
886 3375 945 3439 tini
967 3374 1054 3438 haud
1074 3371 1153 3438 lecila

160 3469 338 3544 temperare
362 3454 505 3544 poliuntq
523 3462 564 3537 †

157 3605 242 3694 [Qu.
272 3611 323 3680 14.
384 3603 482 3686 Quae
511 3624 644 3688 genero
672 3601 848 3668 hominum
879 3605 1074 3671 vanitarem
1103 3602 1124 3689 Ι

380 3687 554 3753 mendacii
575 3685 706 3772 frustra
727 3688 892 3774 excrrsore
911 3691 1125 3775 nitunturi]

11 3835 36 3876 r.
49 3833 160 3876 mm.
224 3808 415 3874 *Postremo*
435 3811 477 3872 iis
499 3810 625 3891 [etiem]
646 3811 739 3874 illum
760 3833 900 3875 errorem
923 3815 1043 3901 eripiet
1062 3814 1151 3877 Paro-

153 3893 257 3971 'rhus‚
286 3897 393 3981 quise
415 3896 450 3959 in
471 3898 612 3959 vanitate
635 3899 792 3961 orationis
817 3904 984 3979 excusant,
1018 3914 1050 3965 et
1069 3921 1149 3963 rnen-

159 4050 599 4073 *Ἣ

192 4147 239 4207 25)
256 4147 358 4196 Iterum
381 4159 429 4201 aut
452 4148 534 4206 Febr.
558 4179 594 4191 -
636 4151 683 4219 26)
699 4155 765 4220 quia
786 4152 864 4210 Vera,
887 4152 983 4227 Aug.,·
1006 4157 1089 4210 Ante.
1114 4152 1147 4204 u·-

188 4216 322 4288 stingur't:
340 4235 410 4288 qua,
428 4226 531 4289 rania,
547 4238 580 4275 ao
596 4222 702 4281 mend..
719 4222 767 4278 srd.

193 4314 223 4381 υ)
242 4315 329 4388 ΛΡΜ·
346 4323 396 4388 21,
416 4335 456 4379 ato
474 4326 526 4383 22.
546 4329 581 4376 ¹³.
594 4349 629 4361 -
683 4323 713 4388 v)
727 4319 772 4377 et
792 4327 843 4387 14,
859 4339 880 4379 r.
897 4350 934 4366 -
982 4325 1022 4391 rr)
1039 4323 1075 4379 th.
1092 4338 1146 4379 nt·
