2542 4898
520 434 530 449 Ι
575 438 583 447 ι

206 494 214 505 a
845 484 850 501 Ι

318 590 894 745 cap.x1.Dedecin0aific.
1035 662 1111 735 215

87 829 175 918 [Qu.
195 839 230 907 9.
285 828 363 911 Quo
395 827 550 893 maxime
605 835 684 891 acto
718 828 877 894 cernitur
913 827 1112 916 amplitudo

281 907 459 998 beneficii,
490 933 556 1003 quo
613 911 653 976 in
677 913 846 1001 potestate
873 912 1027 982 clavium
1055 913 1112 1006 of·

281 995 451 1081 fertur?]
1110 1012 1112 1017 '

151 1104 264 1168 ¹*nam*
292 1105 348 1192 qui
368 1103 473 1168 Deum
505 1103 637 1165 mortali
659 1102 768 1191 aliquo
800 1115 930 1192 peccato
959 1082 1107 1189 offendit,
1185 1128 1221 1168 ιι.

88 1188 249 1278 quidquid
271 1192 461 1254 meritorum
483 1210 526 1252 ex
546 1187 663 1252 chriti
683 1202 808 1268 inerte,
829 1204 861 1254 et
883 1214 974 1255 cruce
996 1198 1109 1259 confe-

85 1289 181 1339 cutus
204 1276 264 1350 est,
289 1280 335 1355 ¹¹¹)
356 1275 458 1338 statim
478 1274 615 1350 ernittit3
637 1285 668 1336 et
689 1276 823 1337 omnino
846 1278 979 1363 paradifi
1008 1280 1109 1357 aditu,

89 1382 188 1448 quem
213 1363 304 1446 prius
335 1359 541 1423 interclusum
562 1360 711 1422 Salvator
743 1363 846 1423 notter
877 1366 1018 1446 pastione
1052 1370 1107 1429 [ιιι

88 1449 243 1509 omnibns
264 1442 433 1531 patefecit,
462 1447 663 1532 prohibetur.
705 1442 804 1528 Quod
827 1448 956 1533 quidem
977 1471 1048 1513 cunr
1069 1451 1107 1515 in
1166 1472 1168 1476 ·

86 1543 233 1595 mentem
255 1533 364 1606 venit,
394 1526 497 1593 facere
529 1553 595 1594 non
622 1528 805 1616 possumus,
841 1534 919 1618 quin
940 1535 1106 1599 'humanae

87 1618 468 1681 iniseriae'consrdoratio
491 1619 699 1678 vehementer
720 1616 878 1680 sollicitos
899 1639 958 1680 nos
981 1621 1105 1685 habeat.

88 1703 218 1764 Verum
238 1703 263 1764 fi
283 1704 425 1764 animum
447 1698 485 1762 ad
509 1703 590 1763 lianc
611 1702 829 1762 admirabilem
848 1703 1030 1788 potestatem
1050 1726 1105 1769 re-

90 1785 253 1859 feramus,
274 1809 353 1873 quae
373 1786 527 1848 Eccleliae
549 1787 708 1848 divinitus
730 1788 847 1848 tributa
871 1787 934 1860 est3
957 1800 989 1850 et
1009 1790 1105 1873 hujus
1187 1842 1191 1860 ,

89 1874 220 1936 articuli
242 1873 306 1936 side
327 1873 526 1945 confirmati,
560 1874 698 1933 oblatam
727 1873 898 1958 unicuique
920 1868 1104 1940 facultatem
1129 1875 1131 1879 ’

88 1960 273 2034 credamus,
311 1971 354 2018 ut.
379 1950 478 2042 polin
501 1954 613 2019 divina
643 1976 706 2042 ope
734 1956 857 2040 adjutus
881 1959 916 2020 in
938 1959 1104 2043 pristinum

90 2044 260 2125 dignitatis
281 2043 390 2104 {iatum
420 2030 558 2104 reditui:
591 2054 666 2104 tunc
696 2064 773 2104 vero
805 2043 949 2135 cqgirimr
979 2048 1102 2109 summo

90 2121 227 2210 gaudio,
250 2140 282 2191 et
304 2127 427 2190 laetitia
450 2127 624 2204 exsultare,
655 2137 688 2189 et
717 2128 914 2190 immortales
936 2127 1006 2191 Deo
1028 2152 1105 2209 gre·

89 2219 154 2276 tias
175 2234 277 2295 agere.
329 2211 378 2276 Ac
400 2208 563 2297 profecto,
582 2214 605 2274 11
627 2223 734 2290 grata,
756 2224 787 2274 et
808 2213 941 2294 jucunda
961 2215 1104 2279 medica-

88 2311 199 2363 menta
222 2297 324 2360 videri
351 2299 470 2372 solent,
503 2317 582 2383 quae
611 2300 705 2358 nobie
734 2297 929 2361 medicorum
955 2313 1040 2378 arte,
1069 2312 1103 2363 et

87 2385 259 2461 industria,
289 2404 359 2444 cum
382 2385 473 2463 gravi
494 2385 601 2467 atiquo
623 2385 735 2446 inorbo
756 2385 953 2460 laboramus,
984 2407 1103 2470 paran-

86 2484 160 2533 tur:
197 2479 315 2556 quanto
342 2465 609 2552 jucundioraeffe
630 2469 745 2529 debent
770 2490 805 2529 ea
833 2470 988 2545 remedia,
1022 2492 1103 2558 qum

87 2556 154 2619 Dei
176 2554 331 2640 sapientia
353 2553 390 2614 ad
414 2555 595 2614 animorum
616 2555 831 2626 curationem,
849 2565 943 2639 atque
962 2555 1042 2618 ade'o
1062 2555 1102 2617 sd
1184 2578 1193 2599 s

87 2645 194 2704 vitam
217 2639 418 2722 reparandam
440 2638 598 2699 instituit?
632 2659 701 2699 cum
725 2640 910 2726 pratel'ertim
932 2661 999 2703 non
1027 2641 1103 2728 qui·-

88 2727 165 2789 dem
192 2727 318 2786 dubiam
354 2724 463 2785 tatutis
495 2729 602 2808 spem,
638 2735 671 2782 ut
693 2723 870 2785 medicinae
899 2724 990 2798 illae,
1022 2746 1104 2810 queo

87 2812 280 2896 corporibus
302 2808 512 2881 adhibentur,
545 2808 597 2870 red
619 2809 822 2872 certit’limanr
844 2807 905 2886 iis,
926 2810 980 2892 qm
999 2807 1104 2874 sanari

87 2901 243 2983 cupiunt,
262 2894 392 2959 salutern
415 2894 569 2955 alienant.⁴
1079 2958 1082 2969 ¹

592 3008 594 3021 ,
1081 2978 1085 3011 i

87 3060 176 3148 [Qu.
197 3071 248 3130 10.
300 3056 370 3123 Cur
408 3080 451 3122 uo
480 3054 644 3142 qrtomodo
675 3054 829 3120 remedio
864 3053 903 3119 in
940 3053 1104 3145 potestate

301 3141 453 3206 clavium
468 3140 637 3227 Ecclefioe
657 3137 792 3205 tributa
811 3139 999 3226 Christiani
1020 3136 1104 3228 fre·

300 3239 467 3315 questione
485 3223 655 3310 debenti]

153 3344 259 3411 Erunt
276 3345 410 3428 *igitur*
424 3344 536 3409 fideles
555 3343 719 3421 hortandi,
740 3343 900 3431 postquam
917 3355 982 3408 tam
994 3342 1159 3430 emplixn

90 3443 124 3496 et
152 3435 307 3519 praeclari
328 3434 472 3494 muneris
492 3432 682 3513 dignitatem
704 3434 933 3510 cognoverint,
956 3442 990 3492 ut
1018 3428 1101 3492 illud

90 3521 191 3582 etiam
213 3519 352 3582 liudeant
373 3515 411 3578 ad
435 3521 525 3581 suurn
553 3515 757 3579 commodum
784 3517 935 3596 religioso
963 3537 1104 3578 conver·

91 3617 174 3668 tere.
229 3604 302 3666 Vix
330 3604 416 3666 eninr
439 3603 510 3664 fieri
531 3604 646 3686 potest,
674 3598 786 3686 utqui
807 3622 842 3662 re
864 3600 954 3674 utili,
983 3611 1016 3662 et
1044 3620 1104 3663 ne·
1201 3652 1204 3663 ,
1232 3650 1235 3657 ,

93 3689 223 3752 calsaria
258 3710 323 3751 non
354 3699 476 3764 utatur,
511 3704 580 3748 earn
613 3700 817 3748 contemnere
846 3707 912 3747 non
941 3685 1106 3747 existime-
1204 3704 1207 3715 ·

93 3790 166 3843 tun
200 3773 382 3859 praesertim
413 3794 488 3834 vero
523 3794 594 3833 cum
618 3770 777 3834 Dominus
810 3772 891 3833 hanc
921 3770 1105 3855 potestatem
1191 3809 1199 3822 ·

91 3860 283 3922 remittendi
304 3869 428 3942 peccata
458 3878 549 3921 earo
572 3856 736 3920 tradiderit
749 3852 919 3930 Ecdeme,
942 3865 977 3915 ut
994 3876 1106 3919 ornnes
1166 3902 1170 3908 >

94 3951 159 4008 huc
193 3947 324 4008 salutari
352 3945 493 4005 ronredio
528 3955 701 4006 uterentur.
734 3962 807 4004 nam
839 3936 1106 4029 queamdmodum

94 4053 194 4095 uerno
219 4032 285 4092 fine
305 4031 461 4115 baptismo
490 4029 616 4112 expiari
644 4026 760 4115 potest:
793 4028 839 4088 ita
861 4030 896 4106 ¹¹)
940 4027 1107 4112 uirumque

93 4115 248 4201 baptismi
276 4118 430 4195 gratiam,
463 4112 641 4176 mortiferis
663 4113 835 4178 sceleribus
856 4049 1020 4189 arniisem,
1054 4131 1109 4173 re·
1139 4155 1172 4191 ¹.

94 4223 250 4289 caperato
272 4201 431 4276 voluerit,
459 4196 498 4260 ad
527 4199 614 4262 aliud
636 4197 836 4285 expiationis
855 4217 989 4285 genus,
1008 4190 1110 4260 niani*

104 4343 121 4349 ·-
130 4343 143 4349 0
149 4334 547 4349 --ο--ι--α-ι--σῠηοη

134 4415 179 4484 ιιι)
198 4409 285 4467 Hebr·
304 4418 352 4472 10,
370 4426 398 4467 so
417 4411 456 4480 iq.
474 4435 511 4455 -ι-
547 4410 580 4477 ιι)
598 4407 672 4478 Aug.
687 4406 738 4462 ser·
754 4412 818 4471 351.
834 4425 863 4462 ιι.
874 4412 902 4469 9.
920 4402 1049 4475 (ΜΨ).
1070 4366 1072 4371 Ι
