2542 4898
238 670 328 768 Cap.
350 669 380 743 1.
427 669 487 742 De
513 669 672 744 Sacram.
696 644 736 745 in
755 644 918 772 genere.a
965 615 968 619 ·
1005 692 1103 767 243>

59 857 149 925 nihil
179 852 448 922 accommodatius
482 852 590 919 videri
619 856 740 941 poteli‚'
775 881 869 946 quarn
906 860 1082 946 diligenter

59 950 166 1009 mosas
200 963 383 1028 exponere,
419 962 474 1004 cur
500 947 691 1006 sacramenta
719 944 841 1010 institui
873 953 1082 1035 oportuerit*
1138 960 1162 1017 Σ

58 1032 175 1095 Plures
202 1030 343 1092 *autem*
376 1027 457 1110 [ejus
486 1026 548 1109 rei]
581 1031 744 1092 numerari
784 1034 889 1096 lolent
922 1035 1081 1120 [caulae]:

81 1137 194 1180 uarum
214 1115 321 1200 prima
342 1111 400 1184 att,
428 1113 563 1175 humani
590 1114 714 1192 ingenii
742 1116 956 1182 imbecillitas.
980 1123 1081 1209 liqui-

57 1140 134 1266 dem
157 1210 268 1264 natura
288 1200 333 1261 ita
352 1210 568 1283 comparatum
588 1201 753 1278 videmus,
782 1215 816 1264 ut
838 1204 876 1265 ad
899 1227 1006 1270 earum
1027 1227 1083 1271 re-

57 1311 133 1351 rum
153 1287 317 1356 notitiam,
337 1304 416 1368 quae
436 1296 554 1362 mente,
576 1296 670 1370 atque
691 1287 907 1370 intelligentia
931 1313 1081 1376 compre-

59 1377 179 1437 hensae
200 1376 291 1448 lunt,
311 1370 372 1431 nili
394 1389 452 1453 per
473 1390 526 1447 ea,
550 1390 630 1456 quae
651 1373 760 1457 aliquo
779 1373 868 1437 sensu
892 1378 1081 1463 percipiun-

58 1471 131 1536 tur,
152 1457 277 1520 nemini
298 1454 458 1537 adspirare
480 1455 586 1521 liceat.
639 1454 682 1518 Ut
707 1458 826 1537 igitur,
855 1478 934 1545 quae
957 1465 1083 1527 occulta

57 1545 124 1608 Dei
153 1543 275 1605 virtute
303 1538 501 1615 efficiuntur,
534 1536 664 1603 facilius
702 1543 885 1624 intelligere
906 1545 1081 1630 pollemus,

58 1631 148 1693 idem
175 1633 313 1691 lominus
331 1645 437 1687 rerum
462 1626 605 1687 omnium
638 1623 756 1690 artilex
776 1631 1004 1714 sapientissime
1028 1629 1083 1696 se·

59 1717 117 1790 cit,
143 1725 179 1775 ut
199 1734 271 1775 eam
294 1712 396 1795 ipsam
423 1709 575 1773 virtutem
603 1710 762 1797 aliquibus
780 1715 893 1794 lignis,
926 1738 1005 1803 quae
1026 1717 1082 1781 [ub

58 1803 186 1866 lenium
208 1798 341 1868 cadunt,
362 1816 422 1880 pro
439 1798 490 1857 lua
507 1797 541 1857 in
557 1815 617 1858 noo
634 1798 831 1881 benignitate
852 1799 1023 1865 declararet
1038 1803 1081 1884 ⁷).

59 1908 156 1963 nam,
177 1895 214 1945 ot
234 1882 394 1970 praeclare
423 1881 567 1942 al'ancto
588 1879 614 1958 ¹)
635 1880 857 1963 Glrryloiiomo
878 1884 999 1949 dictum
1020 1879 1081 1963 elit

58 1973 108 2051 „li
143 1971 245 2033 homo
282 1965 428 2050 corporis
458 1967 664 2028 concretione
693 1967 857 2046 caruisset,
896 1973 982 2034 nuda
1011 1972 1082 2058 ipsa

59 2062 163 2132 bona,
191 2072 294 2141 aeque
315 2051 392 2114 allia
408 2047 440 2129 8)
466 2051 698 2132 integumentis
717 2054 885 2131 involuta,
922 2057 954 2119 ei
975 2059 1082 2122 oblata
1191 2057 1194 2063 ’

59 2141 181 2207 elsent:
223 2139 376 2227 quoniam
412 2156 491 2199 vero
524 2137 630 2199 anima
662 2139 793 2224 corpori
824 2139 991 2221 conjuncta
1029 2143 1082 2222 eli,

61 2228 198 2291 omuino
220 2244 303 2310 opus
322 2217 403 2298 suit,
425 2233 459 2282 ut
478 2242 601 2297 rerum,
621 2244 700 2310 quae
720 2225 919 2300 l'eotiuntur,
936 2227 1081 2291 admini-

58 2314 136 2377 culo
159 2311 197 2372 ad
218 2330 254 2373 ea
276 2305 485 2388 intelligenda
503 2308 679 2370 uteretur.''
730 2306 845 2372 Altera
880 2329 958 2374 vero
991 2317 1082 2377 caula

59 2400 120 2475 eli,
155 2397 239 2483 quod
269 2394 404 2456 animus·
423 2391 526 2454 noller
558 2391 643 2453 haud
670 2388 766 2456 facile
793 2407 1015 2460 commovetur
1040 2396 1081 2462 ad
1149 2421 1151 2425 ’

60 2505 118 2561 ea,
139 2502 219 2569 quae
240 2480 334 2541 nobis
357 2482 607 2564 promittuntur,
637 2477 802 2541 credenda.
861 2477 971 2561 Quare
991 2482 1080 2548 Deua
1179 2523 1184 2533 -

58 2593 78 2633 a
100 2567 213 2632 mundi
233 2564 368 2627 exordio
391 2584 471 2650 quae
493 2561 525 2638 9)
545 2558 648 2625 secere
668 2564 852 2639 instituerat,
875 2567 984 2629 verbis
1005 2570 1081 2654 qui'-

57 2656 136 2719 dem
155 2648 406 2736 frequentissime
430 2647 572 2709 indicare
592 2649 782 2713 consuevit:
807 2650 969 2715 interdum
988 2672 1080 2732 vero,

60 2763 134 2804 cum
169 2759 250 2822 opus
281 2733 411 2821 aliquod
439 2735 631 2809 institueret,
652 2736 758 2816 -cujue
786 2736 971 2815 magnitudo
999 2760 1080 2824 pro-

58 2828 148 2890 rnissi
178 2825 275 2886 fidem
307 2824 457 2901 abrogare
486 2817 609 2902 pollet,
648 2819 712 2880 alia
742 2818 839 2882 etiam
866 2821 969 2899 ligna,
1000 2842 1080 2907 quae

58 2929 302 2993 nonnumquam
325 2905 472 2968 miraculi
491 2903 628 2987 speciem
650 2903 820 2982 haberent,
838 2906 946 2967 verbis
967 2907 1082 2989 adjun-

58 2999 125 3061 xit.
176 2993 260 3056 Nam
287 3012 358 3054 cum
379 2990 467 3053 Deua
493 2993 533 3068 m)
554 2987 689 3067 Moysen
717 2990 755 3052 ad
779 2989 944 3053 ll'raelitici
964 2991 1081 3078 populi

58 3085 288 3147 liberationem
309 3078 470 3152 mitteret3
490 3073 549 3136 ille
571 3085 667 3152 veto,
689 3096 731 3136 ne
751 3074 814 3137 Dei
835 3075 964 3162 quidem
986 3096 1083 3162 prae·

61 3163 356 3254 cipientisauxilio
379 3160 498 3237 fretus,
529 3158 676 3237 timeret,
710 3179 751 3222 ne
772 3181 854 3223 onus
875 3162 931 3222 fibi
952 3162 1082 3242 gravius
1125 3195 1128 3200 ·

60 3256 296 3339 imponeretur,
317 3267 411 3333 quam
424 3257 460 3308 ut
480 3245 638 3308 sustinere
658 3244 782 3330 pollata
802 3257 855 3307 aut
877 3267 918 3308 ne
939 3247 1081 3332 populeo

61 3338 189 3402 divinia
209 3333 363 3408 oracolis,
392 3343 424 3395 et
444 3331 539 3393 dictio
569 3329 754 3393 fidemnon
776 3332 980 3413 adjungerem
1010 3331 1084 3395 Do-

59 3426 171 3488 minus
206 3419 448 3506 promislionem
479 3421 567 3479 luam
602 3416 699 3477 multa
734 3416 893 3496 signorum
927 3417 1084 3480 uarietate

59 3508 218 3573 firmarit.
263 3501 541 3586 Quemadmodum
573 3500 674 3579 igitur
701 3500 737 3562 in
764 3504 869 3563 veteri
898 3502 1082 3566 taliamento

60 3595 153 3659 Deus
175 3591 313 3663 lecerat,
346 3601 380 3650 ut
411 3589 520 3667 magni
549 3586 681 3668 alicujus
708 3585 853 3669 promissi
876 3587 1082 3651 constantiam

61 3681 162 3759 tignis
178 3678 412 3741 testificaretur:
448 3676 495 3735 ita
526 3673 623 3734 etiam
654 3671 690 3731 in
719 3691 806 3732 nova
837 3671 909 3748 lege
930 3670 1081 3749 Chrifluo,

59 3756 204 3832 salvator
228 3763 346 3837 noller,
370 3781 441 3821 cum
462 3757 556 3821 nobie
577 3765 778 3841 peccatorum
799 3757 947 3833 veniam,
979 3756 1083 3819 caele-

60 3854 139 3916 stem
165 3850 317 3930 gretiam,
348 3844 488 3929 Spiritus
508 3843 605 3905 lancti
635 3840 957 3904 communicationem
977 3840 1084 3925 polli-

58 3941 145 4002 citus
176 3936 234 4012 eli,
272 3931 424 4020 quaedam
453 3929 540 4010 ligna
573 3927 692 4007 oculis,
721 3937 755 3990 et
781 3921 920 3991 leolibua
946 3926 1083 4010 subjecta

69 4078 512 4121 -··-·-7···············.···
1028 4074 1191 4135 “t

93 4187 130 4255 7)
149 4164 269 4239 declaret
286 4178 376 4254 Lugd.
393 4187 419 4238 1.
443 4184 485 4237 2.,
501 4172 583 4228 Febr.
601 4201 637 4215 -
685 4172 719 4241 Β)
736 4174 785 4226 Ila
801 4172 884 4226 etium
900 4169 1005 4234 Λάδη·
1018 4168 1083 4240 solo

51 4294 57 4300 „
95 4258 176 4310 Ciem.
194 4258 261 4311 illia.
280 4278 316 4296 ·-
350 4250 381 4319 9)
401 4243 641 4309 Atd.1.,Fabr.‚
663 4246 729 4300 Vm.
747 4247 873 4314 exordio,
889 4262 971 4317 quae.

91 4372 118 4438 l)
137 4368 181 4425 Ad
200 4363 316 4422 verbum
334 4365 393 4418 lere
410 4362 480 4417 hacc
496 4359 584 4415 babeo
601 4375 645 4429 ap.
670 4356 812 4429 chrysost.
835 4362 867 4418 iu
882 4356 985 4417 Muttb.
1004 4353 1085 4412 hom·
1136 4369 1138 4372 ⁴

92 4436 428 4508 er·n.t.(p.7er.)-
462 4429 672 4503 minuata·
719 4490 835 4605 ,Q
