2542 4898
187 624 191 633 ,
250 549 338 644 Gap.
355 548 417 619 lll.
466 546 526 617 De
551 541 709 621 secundo
732 547 893 621 articulo.
997 562 1069 641 135
1145 596 1147 601 -

57 728 294 799 (ibridueitern
303 726 448 796 sacerdos
458 723 531 805 soit,
540 749 609 795 non
620 730 750 819 quidem
764 732 1069 823 exordiumque

55 823 94 884 in
113 816 221 882 ueteri
243 818 316 896 lege
345 816 496 879 leviticae
519 816 623 881 tribue
655 819 832 883 sacerdotes
863 822 1071 898 exstiterunt,
1104 838 1109 848 ·

57 925 174 970 verum
196 924 240 966 ex
258 903 331 975 illo,
357 900 399 964 de
414 921 478 986 quo
498 896 605 965 David
632 924 690 988 pro
717 905 790 967 heta
811 906 943 968 cecinit:
960 910 987 984 ²)
1017 903 1070 969 tta

57 1013 94 1054 ec
119 984 284 1076 sacerdos
308 985 347 1049 in
372 994 555 1049 oeternum
573 987 676 1070 secun
703 1010 764 1051 um
795 988 952 1054 ordinem
976 987 1070 1053 Met-

58 1069 249 1160 ehifideeb.
284 1071 370 1154 cujus
403 1071 453 1133 rei
482 1084 703 1153 argumentum
730 1070 903 1161 Apostolus
935 1073 975 1137 ad
1000 1072 1068 1137 He-

59 1163 175 1223 braeos
195 1158 354 1232 scribone,
376 1165 518 1219 accurate
541 1163 723 1243 persecutus
746 1162 797 1228 eil.
828 1160 881 1224 sed
904 1158 1070 1231 Christum,
1128 1230 1133 1237 ¹

58 1267 128 1310 uon
148 1245 255 1308 solum
275 1253 312 1305 ot
331 1239 441 1318 Dece,
470 1262 583 1307 verum
604 1254 640 1306 ut
662 1246 781 1323 homo,
801 1268 836 1308 ec
857 1245 977 1309 nostroe
1008 1265 1069 1307 ne-

58 1345 147 1395 torae
169 1330 330 1414 particeps
353 1326 410 1403 cli,
437 1346 546 1407 regem
567 1332 665 1393 etiam
696 1333 913 1410 agnoscimuer
943 1332 983 1394 de
1004 1351 1068 1416 quo

58 1416 194 1497 angelos
213 1412 339 1477 tollutae
359 1411 418 1476 ott:
448 1414 483 1489 ιι)
503 1409 686 1500 Regnobr't
709 1415 747 1478 in
779 1413 877 1480 domo
901 1411 1007 1480 laceb
1028 1413 1068 1477 in

58 1511 260 1573 oeternum,
296 1507 332 1562 et
366 1494 469 1583 regni
504 1496 580 1584 ejus
613 1519 682 1560 non
714 1498 784 1564 erit
816 1494 915 1584 finis.
970 1497 1068 1584 Quod
1081 1506 1138 1551 ¹1¹·

60 1584 194 1673 quidem
218 1582 337 1647 Gbrifli
355 1602 491 1663 regnum
509 1583 678 1668 spirituale
696 1585 753 1661 eil,
780 1595 875 1671 atque
896 1598 1072 1662 aeternum,

59 1675 98 1735 iu
118 1671 280 1757 tertioque
307 1669 493 1743 inchoetur,
524 1670 667 1733 incaelo
691 1671 865 1756 perficitur.
913 1670 964 1735 Ac
984 1675 1071 1750 regie

60 1756 194 1844 quidem
216 1752 320 1818 officia
341 1752 524 1817 admirabili
543 1753 752 1839 providentie
770 1759 844 1821 suae
864 1757 994 1844 preesset
1010 1755 1072 1819 Ec-
1136 1782 1141 1799 ·

59 1843 188 1909 clasiae:
217 1842 289 1928 ipse
305 1842 380 1906 'earn
404 1839 509 1919 regit,
535 1841 606 1926 ipse
626 1842 665 1901 ab
692 1841 830 1904 bostium
849 1842 991 1929 impetn,
1020 1854 1070 1907 et·
1145 1856 1152 1867 “

60 1949 123 2016 que
144 1926 272 1991 inlidiie
292 1936 418 1990 tuetur:
439 1927 509 2011 ipse
527 1927 559 1988 ei
578 1927 667 2007 leges
689 1927 892 2012 praescribit:
914 1929 984 2015 ipse
1004 1949 1072 1993 non

59 2016 169 2079 solum
185 2012 399 2087 sanctitatem,
417 2002 570 2105 justitiam
591 2012 744 2094 largitur,
773 2034 885 2077 verum
914 2014 1011 2077 etiam
1031 2012 1070 2077 ed
1101 2044 1104 2057 ι

60 2097 334 2187 perseverandum
353 2093 546 2173 facultatem,
570 2107 603 2159 et
618 2099 707 2161 viree
722 2100 863 2184 praebet.
883 2118 1072 2187 quemquam

61 2197 171 2249 autem
199 2183 292 2265 bajus
313 2184 406 2263 regni
430 2184 549 2245 finibus
571 2193 635 2247 tam
658 2184 753 2261 boni,
780 2206 874 2271 quarn
894 2187 973 2249 meli
993 2207 1073 2249 con·
1200 2229 1206 2251 .

62 2274 247 2342 tineentur,
268 2279 364 2356 atque
395 2266 474 2333 adeo
507 2290 617 2331 ornnes
640 2269 791 2333 homines
822 2271 890 2353 jure
922 2268 961 2334 ad
990 2270 1073 2333 illud

62 2358 267 2443 pertineant:
288 2355 316 2416 ii
335 2365 442 2419 temen
465 2375 539 2439 prae
564 2356 678 2419 ceteris
699 2360 854 2419 l'ummarn
874 2359 960 2436 regie
976 2355 1074 2419 noilri

63 2443 259 2514 bonitatem,
289 2451 323 2502 et
343 2441 585 2504 beneficentiam
605 2441 834 2525 experiuntur,
862 2443 980 2527 quiex
1005 2442 1072 2523 ejup

63 2526 247 2614 praeceptis
275 2525 452 2607 integram,
482 2536 576 2612 atque
594 2524 801 2589 innocentem
822 2526 924 2590 vitam
944 2527 1074 2619 degupt,
1100 2560 1135 2598 ‹.··:

63 2634 170 2700 neque
191 2632 272 2673 vero
294 2611 357 2674 boc
384 2612 439 2673 illi
465 2631 601 2691 regnum
625 2611 823 2675 hereditario
856 2623 911 2675 aut
930 2613 1075 2674 homene

61 2701 132 2783 jure
153 2697 290 2777 obtigit,
309 2698 432 2761 temetsi
452 2700 486 2776 r)
506 2715 606 2775 genoe
626 2716 644 2757 e
665 2695 848 2759 clarissimis
867 2697 996 2778 regibus
1012 2696 1073 2759 du·

62 2795 174 2861 ceret3
204 2781 258 2846 sed
287 2803 347 2846 rex
375 2778 459 2856 suit,
487 2791 658 2864 propterea
682 2781 767 2867 quod
794 2780 883 2845 Deua
912 2784 948 2845 in
978 2782 1074 2845 illurn

62 2870 235 2934 bominem
256 2869 395 2933 contulit
413 2871 455 2944 w)
474 2865 628 2952 quidquid
648 2867 820 2952 potestatis,
841 2888 892 2931 em
916 2867 1076 2942 litudinie,

64 2953 236 3040 dignitatis
271 2954 419 3017 bominis
457 2963 570 3015 nesure
592 2973 703 3037 capere
725 2950 837 3036 pollet.
890 2888 948 3016 illi
976 2953 1075 3032 igitur

63 3044 167 3106 totiua
187 3038 303 3105 mundi
323 3050 459 3120 reguum
479 3036 620 3115 tradidit,
640 3039 734 3124 eique
756 3038 875 3118 omnia,
905 3035 989 3124 quod
1013 3038 1075 3120 jem

59 3128 140 3191 deri
166 3136 317 3211 coeptum
352 3123 411 3201 eli,
437 3123 552 3211 plene,
583 3119 788 3212 perlectoque
821 3125 857 3189 iu
885 3122 938 3188 dio
966 3121 1076 3206 judicii

64 3212 280 3297 subjicientur.

65 3366 151 3454 [Qu.
167 3378 199 3439 8.
245 3363 322 3446 Quo
389 3373 466 3427 octo
511 3362 631 3452 Jefum
671 3364 845 3455 Christum
878 3367 986 3432 etiam
1024 3360 1078 3449 fi-

235 3447 325 3513 lium
367 3448 425 3533 ¹ei
450 3448 595 3551 unicurt(
613 3447 862 3536 profitemurl]

128 3565 277 3629 *rrnrurr
299 3582 377 3625 crue
399 3564 557 3627 unicum*
599 3560 662 3625 Hie
682 3566 789 3627 verbis
804 3563 919 3627 eltiora
935 3560 1191 3643 mysteriaxttt.c.

66 3651 108 3716 de
126 3647 204 3715 lesu
230 3647 404 3724 credenda,
424 3658 458 3712 et
478 3646 743 3733 contemplanda,
773 3648 924 3712 fidelibue
981 3664 1081 3733 ropo·

66 3747 207 3812 nentur,
239 3733 395 3799 nimirum
428 3733 533 3797 filiurn
562 3733 626 3798 Dei
650 3733 731 3811 elle,
770 3744 803 3797 et
832 3669 1081 3807 caturcinum,

68 3822 161 3886 sicuti
191 3832 280 3905 pater
302 3817 364 3896 est,
386 3819 442 3904 qai
465 3839 538 3883 eum
563 3822 601 3882 ab
623 3830 752 3882 aeterno
775 3821 897 3900 genuit.
919 3829 1081 3905 praeterea

66 3909 166 3971 illum
187 3905 320 3967 divinae
340 3900 517 3973 Trinitatis
538 3904 704 3969 secundem
724 3909 890 3990 personam
913 3905 989 3977 aliie
1004 3902 1083 3967 due-

68 3997 127 4057 bue
150 3990 287 4063 or'nnino
318 3992 483 4076 aequalem
506 3990 706 4054 confitemur.
741 3990 828 4053 nihil
852 3994 887 4069 ¹)
909 3991 997 4053 enim
1017 3990 1082 4053 irn-

66 4130 510 4151 W-

103 4211 307 4279 epitoma
325 4158 509 4268 sitiebat,
526 4226 549 4267 e·
566 4235 600 4251 -
615 4209 654 4275 u)
667 4209 734 4262 Luc·
753 4178 775 4267 si
794 4226 822 4269 ec
834 4211 872 4279 iq.
891 4235 923 4253 -
942 4215 971 4272 ι)
984 4210 1083 4264 Metth.

102 4296 130 4348 1,
146 4298 163 4339 e
178 4282 238 4351 sqq·
258 4280 327 4339 buc.
340 4285 365 4339 3.
384 4292 421 4333 ³1.
441 4306 474 4316 -
493 4279 538 4347 ιι)
557 4282 655 4335 Matth.
674 4286 718 4341 28.
737 4297 771 4336 te·
790 4306 826 4324 -·
843 4282 881 4350 x)
899 4282 980 4348 Fulg·
998 4297 1043 4347 ep·
1055 4286 1081 4339 s.

102 4374 128 4409 c.
143 4361 173 4417 3.
190 4360 232 4479 (ξ.
245 4351 323 4415 9ης
339 4355 435 4416 epid·
457 4348 529 4419 resp·
544 4353 579 4407 ad
595 4369 644 4420 qu·
658 4359 686 4413 3.
704 4371 731 4405 ιι.
753 4356 798 4413 28-
823 4352 969 4439 (ρ·.115·);
985 4350 1021 4403 de
1037 4355 1082 4401 iu-

102 4443 181 4481 eeru.
227 4425 248 4477 l·
274 4424 328 4477 Det
352 4437 379 4473 n·
395 4424 422 4478 3.
446 4422 579 4490 (pr-104.)
601 4424 676 4492 Aug·
700 4433 778 4477 treet·
796 4432 842 4484 22.
867 4423 1084 4480 taloan-15.
