2542 4898
10 37 1204 335 υ

846 84 849 91 ι

715 143 716 157 l

96 381 97 385 .
560 375 568 385 a

776 442 782 457 Ι

931 379 932 383 =
1026 372 1039 395 v

1004 408 1023 445 ἃ

128 690 131 695 ,
242 624 331 720 cap.
359 621 453 695 xm
503 621 562 692 ne
587 596 803 696 anamma
827 629 927 701 nac.
994 643 1090 717 231·

33 837 35 840 ·
60 802 194 872 facilius
216 809 319 884 mala,
340 807 453 893 quibua
473 807 603 871 carituri
630 812 754 887 samua,
784 807 877 896 qu'am
898 815 1001 893 bona,
1035 836 1071 881 aa

59 896 268 980 voluptates,
294 914 372 980 quaa
391 893 520 955 bauluri
540 893 658 971 luanus,
681 899 840 959 numerari
864 899 952 982 polla
975 897 1071 964 rida-

60 992 179 1042 aotur:
200 979 303 1041 danda
327 991 431 1041 tamen
453 977 513 1041 erit
534 1001 649 1063 opera,
672 993 727 1059 ut,
748 1002 827 1066 qaae
847 984 961 1048 fideles
981 990 1071 1050 sum·
1179 988 1194 1057 f

60 1086 133 1127 anae
162 1066 253 1125 illius
284 1061 449 1128 Felicitatis
479 1063 699 1148 adipiscendae
730 1067 906 1150 cupiditate
938 1072 1070 1134 inflam-

60 1169 149 1213 mare
171 1160 338 1234 poterunt,
361 1150 511 1224 breviter,
533 1162 564 1210 et
586 1150 722 1213 dilucide
744 1153 958 1236 explicentur.
1007 1154 1134 1223 Sedrtt.

59 1238 118 1297 illa
145 1235 180 1296 in
201 1229 318 1319 primii
337 1234 537 1296 distinctione
558 1237 607 1296 uti
629 1239 811 1320 oportebit,
842 1261 935 1326 quam
957 1261 973 1301 a
995 1262 1071 1322 gra-

58 1320 198 1383 villtmis
226 1319 409 1383 divinarum
445 1339 553 1381 rerum
589 1324 797 1406 scriptoribus
815 1328 848 1402 P)
880 1327 1071 1409 accepimus.

58 1407 87 1468 ii
109 1407 199 1468 enim
229 1404 293 1467 duo
325 1407 482 1466 bonorum
514 1426 627 1484 genera
660 1405 724 1469 ell'e
746 1407 895 1471 statuunt:
932 1431 1072 1494 (puerum

58 1493 197 1552 altarum
230 1490 269 1551 ad
306 1488 512 1551 beatitudinis
547 1504 689 1554 naturam
729 1495 890 1576 pertinen
934 1497 1072 1558 alterum

58 1578 164 1660 ipsam
184 1574 413 1637 beatitudinem
436 1578 650 1660 consequitur.
678 1597 776 1662 qnare
799 1579 859 1639 illa
878 1577 1069 1656 ellenrialia,

58 1663 140 1723 baec
168 1680 247 1722 vero
279 1659 445 1722 accelsoria
475 1660 577 1739 bona,
617 1659 753 1724 docendi
780 1668 886 1741 causa,
923 1667 1072 1750 appella-

55 1757 145 1810 runt.
167 1746 210 1829 -l-

60 1880 146 1967 [Qu.
167 1888 198 1953 6.
240 1880 284 1944 Ia
302 1901 367 1965 quo
384 1877 528 2027 conpstit
543 1875 626 1945 bono
640 1875 833 1968 effentiolia
845 1890 880 1946 el
891 1881 1070 1968 primaria

250 1975 414 2029 aeternae
457 1961 665 2027 entitudinio
687 1962 846 2055 consid]

10 2078 22 2141 ἶν’
108 2073 191 2141 *Ac*
227 2075 331 2141 solida
361 2073 491 2164 quidem
521 2073 703 2152 beatitudo,
741 2098 836 2163 quam
866 2077 1064 2143 ell‘entialem

61 2163 228 2227 communi
249 2163 383 2226 nomine
404 2163 480 2224 licet
499 2181 622 2236 vocare,
642 2161 676 2223 in
698 2182 736 2224 eo
758 2164 815 2225 lita
834 2162 890 2241 eil,
911 2176 946 2228 ut
966 2163 1071 2228 Deum
1113 2182 1126 2242 j

60 2248 248 2323 videamus,
303 2250 431 2334 ejusque
471 2245 710 2329 pulchritudine
745 2242 904 2325 fruamur,
941 2251 996 2334 qui
1031 2251 1072 2313 ott

59 2336 171 2398 omnis
197 2333 372 2409 bonitatis,
402 2355 437 2393 ac
458 2327 669 2415 perfectionis
690 2326 781 2407 lons,
810 2345 842 2394 et
863 2335 1071 2418 principium.

59 2423 95 2502 a)
116 2418 215 2483 Haec
242 2431 289 2480 et
309 2416 385 2481 vita
405 2426 568 2493 aeterna,
604 2416 709 2500 inquit
739 2414 878 2479 Cluilius
910 2416 1071 2496 dominus,

62 2514 106 2568 ut
140 2504 348 2588 cognoscunt
380 2511 414 2562 te
443 2497 555 2578 flam
583 2496 699 2560 Deum
727 2520 863 2575 aeriam,
905 2511 939 2564 at
972 2525 1072 2587 quem

60 2577 181 2676 miststi
216 2585 334 2667 lelium
369 2581 548 2666 Christum.
590 2605 684 2667 quam
717 2584 906 2648 senteutiam
947 2591 1071 2651 sanctus

60 2675 205 2738 Joannes
236 2672 363 2732 ridetur
394 2669 613 2751 interpretari,
646 2690 717 2729 cum
737 2672 799 2731 ait:
824 2676 865 2748 ¹)
891 2669 1070 2759 Coriffimi,

61 2779 158 2821 nanim
169 2751 251 2839 filii
272 2753 340 2817 Dei
354 2749 501 2835 sumua:
533 2760 567 2813 et
594 2749 746 2834 nondpm
767 2750 953 2839 apparuit,
985 2753 1072 2839 quid

59 2841 214 2909 erimuaa
238 2837 366 2920 {bimus
388 2834 569 2920 quoniam,
593 2857 670 2897 cum
694 2835 917 2921 apparuerit,
941 2835 1070 2922 fimilea

62 2927 97 2989 ei
119 2924 260 2996 erimus,
280 2921 441 3007 qaroniam
454 2916 643 2982 videbimus
656 2942 730 2982 eum
741 2919 850 3008 ficati
867 2920 921 3005 est.
958 2922 1072 3006 Signi-

60 3013 138 3074 ficat
159 3012 247 3072 anim
270 3007 498 3069 beatitudinem
526 3027 568 3066 ex
591 3005 634 3065 iis
662 3004 786 3068 duobus
815 3010 969 3079 conltare3
1004 3022 1070 3069 tum

62 3096 152 3183 quod
175 3094 278 3156 Deum
301 3093 506 3164 intuebimur,
529 3091 632 3174 qualis
654 3091 688 3152 in
708 3103 819 3153 aratura
839 3095 911 3168 sua,
940 3114 974 3154 ac
994 3095 1071 3156 sub-

60 3182 175 3245 ltnntia
199 3180 257 3251 οὓς
289 3190 357 3240 tum
390 3175 473 3261 quod
501 3175 605 3237 veluti
626 3173 683 3236 Dii
712 3176 896 3238 efficiemur.
917 3199 990 3239 nam
1013 3177 1145 3264 quivttt
1232 3187 1240 3197 '

61 3270 125 3329 illo
148 3261 307 3340 fruuntur,
327 3261 473 3348 quamvis
494 3262 659 3346 propriam
682 3263 879 3325 lubllantiam
900 3265 1071 3337 retineant,

63 3350 283 3414 admirabilem
310 3361 414 3410 tamen
440 3345 612 3429 quandam,
645 3357 676 3408 et
703 3369 806 3431 prope
835 3347 978 3410 divinam
999 3345 1070 3409 ior·

64 3458 151 3500 mam
172 3435 328 3508 induunt,
358 3445 392 3493 ut
410 3427 467 3491 Dii
489 3433 615 3515 potius,
649 3453 743 3515 quam
763 3433 913 3494 homines
932 3432 1069 3496 videan-

63 3536 128 3584 tur.
171 3520 448 3593 llocautemucur
470 3515 513 3575 ita
540 3517 613 3586 fiat,
651 3538 692 3576 ex
722 3537 760 3578 eo
789 3517 989 3601 perspicuum
1016 3518 1067 3592 eii,
1158 3540 1180 3581 a.

62 3604 151 3693 quod
174 3623 376 3690 unaquaequo
398 3621 449 3662 res
488 3602 542 3660 rel
574 3621 616 3662 ex
647 3601 713 3681 ejus
747 3599 898 3675 effantia,
936 3604 990 3663 vel
1027 3623 1070 3664 ex

62 3696 133 3774 ejus
153 3689 371 3763 limilitudine,
393 3698 425 3746 et
438 3685 541 3770 specie
558 3687 768 3763 cognoscitur.
789 3680 834 3747 At
847 3688 997 3771 quoniam
1011 3689 1122 3750 ni-tx.

64 3779 119 3842 hil
141 3777 182 3839 eli
199 3775 262 3838 Dei
285 3771 312 3852 ⁵)
334 3773 453 3849 limile,
482 3771 567 3854 cujus
589 3771 808 3835 limilitudinia
829 3773 1008 3854 adjumento
1031 3769 1071 3835 ad
1129 3803 1132 3819 .

58 3937 506 3952 Ἣ

98 4027 203 4164 &ung
217 4038 317 4098 Arra..
350 4037 440 4110 Luget.
459 4047 501 4098 1..
526 4031 582 4089 σοι.
598 4044 624 4098 1·
641 4042 683 4103 3.,
706 4041 782 4107 mv,
806 4040 902 4094 Ain.
916 4049 944 4092 ee
971 4039 1068 4101 oreon

99 4132 128 4166 re
152 4147 159 4163 ·
205 4127 249 4164 eo·
592 4160 594 4166 .

100 4244 134 4310 p)
154 4237 257 4292 Thom-
269 4234 343 4305 Aqu.
359 4242 388 4288 tu
405 4241 433 4297 4.
456 4232 533 4292 Sent·
559 4230 617 4287 dili.
635 4239 678 4298 to·
702 4251 749 4304 qu.
766 4238 794 4297 5·
810 4253 834 4292 a.
851 4246 878 4297 1·
929 4232 1077 4289 Bononia
1186 4282 1189 4287 .

100 4308 382 4449 bilibris?
398 4316 425 4436 3:
447 4324 495 4376 ⁴¹¹¹·
511 4313 539 4367 ³·
556 4305 626 4375 Μ’·
646 4306 678 4359 “¹
696 4323 755 4378 ²³⁸·
782 4333 815 4346 ·
857 4307 1076 4386 osa-1⁷...
