2542 4898
125 688 150 735 x
322 653 574 755 Prolepomena
597 651 759 729 lristorica
784 654 946 732 literaria.

127 841 257 921 inierit,
287 859 370 928 opus
396 834 567 902 moliretur
591 835 660 900 lere
682 835 865 921 infinitum,
897 862 1000 928 quum
1019 863 1070 906 ma
1116 864 1135 907 a

126 927 326 996 bibliotheca
350 923 385 988 in
400 945 501 986 unum
519 944 637 1010 eorpus
652 920 683 986 ei
697 923 912 990 coacervanda
932 926 1028 991 foret.
1101 953 1133 993 e·

127 1039 200 1082 rum
228 1011 316 1077 enim
347 1032 424 1073 vero
454 1009 488 1072 in
519 1006 615 1095 longa
643 1006 700 1071 illa
729 1009 814 1074 serie
851 1009 1133 1097 documentorum,

128 1126 144 1167 s
170 1098 263 1163 iritus
284 1094 387 1161 sancti
407 1091 605 1177 adjutorium
623 1091 837 1177 jactantium,
860 1096 1004 1163 eminent
1026 1109 1134 1166 tamen

125 1183 257 1274 *singula
276 1180 395 1268 scripta
411 1200 494 1266 quae
514 1200 613 1241 sensu
627 1178 783 1243 strictiori
799 1181 938 1268 quodam
954 1183 1135 1270 symbolica

127 1279 377 1356 nuncupantur,
397 1275 559 1352 quatenus
582 1262 616 1326 in
639 1264 707 1343 eis,
736 1275 890 1354 tanquam
909 1268 1056 1333 fontibus
1077 1294 1133 1334 aa·

127 1355 303 1455 tbentieis3
338 1347 516 1414 universali
537 1347 778 1413 Catbolicorum
807 1374 969 1416 consensu
996 1354 1133 1457 antiquo

128 1454 161 1509 et
182 1451 303 1506 receuti
333 1432 538 1537 approbatis,
568 1457 650 1521 pura
679 1435 836 1501 ecclesiae
865 1437 955 1502 illius
987 1438 1134 1506 doctrma

128 1526 261 1616 publice
290 1521 498 1608 dilucideque
527 1521 674 1607 exposita
702 1521 757 1585 sit.
821 1521 869 1586 Hi
897 1522 976 1588 libri
1002 1526 1134 1628 gemina

128 1615 322 1699 scriptorum
351 1605 452 1670 triade
481 1605 819 1692 comprehenduntur,
853 1620 930 1673 sunt
958 1634 1045 1676 curm
1066 1614 1134 1700 pri·

129 1723 218 1764 mum
246 1693 394 1782 synrlrolu
423 1694 489 1756 tria
512 1691 674 1757 catholica
698 1692 766 1756 sive
796 1696 1025 1779 oecumenica,
1055 1699 1134 1764 dein

130 1786 197 1849 triu
227 1784 350 1866 scriptu
381 1778 426 1842 ad
451 1776 635 1842 Concilium
670 1778 902 1843 Tridentium
930 1784 1131 1850 reducenda.

128 1869 190 1934 llla
211 1866 390 1953 infringere
412 1862 543 1927 student
562 1861 713 1948 antiquos
730 1864 932 1949 haereticos3
955 1870 1033 1934 baec
1055 1894 1133 1934 vero

128 1955 320 2042 impugnant
340 1947 519 2013 Novatores
541 1947 608 2011 sive
630 1949 808 2014 haereticos
831 1953 1051 2036 recentiores,
1075 1957 1134 2043 qui

127 2050 303 2119 vocantur,
338 2044 556 2183 protestantes
583 2032 737 2096 nimirum
767 2037 982 2123 evangelicos.
1043 2039 1133 2123 Quo·

128 2146 267 2212 cumque
301 2121 426 2184 scricet
453 2130 598 2205 tempore
630 2119 764 2183 ccclesia
794 2123 950 2187 catlroliea
986 2123 1027 2188 de
1055 2127 1134 2191 fidei

128 2209 266 2275 decretis
288 2206 470 2270 sanctiones
494 2203 677 2292 protulerit,
698 2217 808 2271 contra
825 2209 1003 2274 haereticos
1019 2211 1132 2278 adver·

127 2295 230 2362 sarios
252 2292 390 2357 directas
412 2290 549 2378 protulit
565 2290 604 2376 ³).

188 2379 261 2446 Jam
283 2389 357 2441 ante
379 2399 498 2439 annum
523 2378 623 2439 1828.
654 2375 827 2439 consilium
861 2377 980 2464 scripta
1009 2378 1065 2444 illa
1096 2380 1133 2445 in

128 2488 229 2530 onum
252 2463 422 2542 volumen,
445 2461 533 2549 quod
555 2461 728 2526 medullam
750 2461 910 2547 genuinae
932 2464 1008 2527 lidci
1024 2466 1134 2530 catho-

126 2550 209 2617 licae
232 2549 431 2626 contineret,
455 2547 627 2631 conjuncta
651 2548 767 2611 cdendi
792 2548 826 2610 iu
843 2548 950 2612 animo
967 2549 999 2612 b.
1018 2549 1133 2616 Streit-

126 2635 274 2723 notuit)
304 2645 450 2699 exortum
489 2646 548 2696 est.
614 2631 637 2696 S
674 2632 809 2696 mbola
846 2637 1132 2720 oecumenica,

127 2722 251 2810 quippe
280 2743 363 2809 quac
391 2727 593 2806 praeponant
621 2657 698 2782 libri
714 2718 928 2800 Tridentini,
958 2721 997 2784 ad
1031 2745 1134 2810 caque

125 2819 278 2895 tunquam
299 2805 545 2870 tundamentum
573 2804 738 2868 doctrinae
767 2803 943 2869 catlrolicae
963 2806 1135 2895 antiquum

127 2893 322 2981 respiciant,
346 2891 380 2952 in
403 2890 516 2954 limine
537 2891 637 2951 totius
660 2890 768 2975 operis
784 2889 970 2955 collocanda
987 2916 1058 2957 csse
1080 2919 1135 2958 vc·

126 2978 256 3044 tissime
279 2973 418 3040 censuit.
474 2972 590 3055 Quoad
611 2974 832 3038 auctoritatem
855 2975 1064 3062 symbolicam
1086 2992 1134 3043 at-

128 3085 193 3152 que
222 3071 358 3125 aetatem
390 3059 446 3122 illa
479 3056 554 3121 dein
590 3058 759 3145 excipiunt
781 3059 970 3126 Canoncs
998 3074 1038 3127 et
1059 3063 1132 3128 De-

127 3157 238 3214 creta
275 3143 471 3211 Concilii
506 3141 772 3224 Tridentini,
812 3157 845 3210 et
873 3148 952 3212 lraec
989 3148 1133 3238 denique

128 3231 342 3299 Proiessio
374 3227 483 3293 fidei
522 3237 554 3290 et
585 3225 873 3295 Catcelrismus
908 3232 1132 3318 Romanus,

129 3343 213 3421 quae
233 3318 298 3382 duo
321 3315 452 3404 quidem
470 3313 589 3400 scripta
608 3325 731 3380 tantum
746 3316 912 3417 dignitatis
934 3320 1133 3406 symbolicae

129 3404 195 3471 subi
215 3402 310 3467 modo
332 3400 516 3479 vindicant,
545 3412 701 3486 quantum
731 3403 812 3489 ipsis
829 3427 893 3504 pro
916 3427 1005 3469 nexu
1025 3419 1058 3470 et
1079 3431 1133 3470 eo·

126 3490 293 3555 haerentia
325 3510 397 3554 eum
432 3484 490 3549 illo
512 3482 661 3551 Concilio
688 3486 883 3553 Tridentino
914 3502 1001 3554 recte
1031 3491 1133 3556 tribui

127 3586 236 3667 potest
253 3575 292 3664 ⁵).
348 3573 476 3637 interca
503 3593 618 3660 magna
647 3572 836 3664 diligentia,
867 3598 1005 3663 quacum
1028 3577 1134 3642 editor

163 3794 195 3861 ³)
214 3792 385 3846 beientibus
409 3792 540 3846 doetrinae
557 3791 698 3845 catholicae
716 3793 774 3845 ride
797 3810 863 3860 quse
881 3793 1027 3862 Philipp.
1046 3794 1095 3845 Ma
1106 3811 1132 3846 ι·-

163 3863 334 3917 beiueclre
351 3866 516 3916 subtilissime
535 3868 653 3933 exposuit
671 3868 696 3917 in
715 3867 730 3916 Ι.
767 3867 826 3916 Das
838 3869 943 3934 Syrum
961 3865 1006 3915 des
1024 3866 1133 3916 Kerko-

161 3936 281 3987 licisruns
297 3936 326 3985 in
341 3939 426 3986 seinrr
445 3934 633 4004 symboliscben
652 3935 862 4005 Entwicbelung.
880 3937 912 3989 Τ.
922 3938 954 3990 ll.
974 3955 999 4003 p.
1009 3940 1087 4001 3sqq.
1097 3966 1131 3975 -

162 4009 193 4072 4)
213 4008 264 4061 Qui
282 4014 355 4059 natus
374 4009 513 4072 Gottingae
531 4009 573 4059 dis
592 4013 635 4061 29.
654 4010 719 4073 Aug.
741 4012 827 4068 180³„
847 4008 1020 4059 Bodenlctdae
1038 4010 1069 4059 ad
1086 4010 1132 4059 Vi·

162 4079 258 4143 surgim
283 4080 353 4130 verbi
378 4080 453 4130 divini
478 4081 590 4132 minister
614 4079 680 4131 diem
705 4094 850 4145 supremum
874 4080 938 4129 obiit
962 4080 987 4131 d.
1007 4084 1034 4129 2.
1053 4080 1132 4132 Febr.

163 4154 242 4201 18³⁶.
261 4150 300 4201 Cl.
325 4151 347 4201 l=
367 4151 454 4200 Neuer
473 4150 602 4219 Nekrolog
627 4151 672 4200 der
690 4153 852 4202 Deutsctreu.
873 4156 912 4202 14.
938 4149 1026 4213 Jstrrp.
1054 4155 1133 4205 1836.

164 4220 195 4272 P.
216 4220 250 4274 ll.
269 4225 354 4289 peta
362 4237 417 4288 sqq.
438 4222 557 4275 Weimar.
575 4225 653 4275 1838.
672 4225 698 4274 8.
714 4248 749 4259 -
784 4224 815 4287 5)
835 4223 875 4274 lix
889 4223 988 4274 Misssli
1006 4223 1134 4283 Romano,

164 4292 259 4360 pluries
276 4294 355 4344 citato
374 4308 389 4344 s
408 4293 569 4347 Cateelrismo
587 4293 704 4344 Romano
722 4291 788 4358 (rid.
808 4294 886 4344 ludio.
914 4310 963 4345 rer.
982 4293 1094 4361 praeeip.
1111 4311 1133 4346 s.

166 4375 189 4416 r.
207 4363 435 4432 asinanum),
453 4365 521 4432 quod
543 4363 727 4418 emendandum
743 4364 893 4418 Tridentius
909 4365 1023 4433 synodus
1040 4364 1133 4417 decre·
