2542 4898
1016 366 1032 389 a

993 406 1015 441 4

47 485 50 489 ‚
130 494 140 533 Ι

214 645 412 742 caplffll.
438 644 758 764 'Deduodecinm'
784 646 882 718 artic.
995 657 1086 735 933Ι

55 820 162 897 ucria
176 830 323 911 ⁷)euim:
340 828 373 912 7)
387 826 568 914 „Exspecto
578 828 841 893 resurrectionem
857 839 1069 907 mortuorum,

57 930 115 997 „et
135 918 239 981 vitam
268 918 397 979 venturi
425 914 571 978 saeculi.”
632 914 753 978 Divina
775 917 857 1000 haeq
872 919 967 1002 plene
987 919 1070 994 sunt,
1161 948 1168 964 ·

58 1012 168 1090 neque¹
189 1003 268 1066 ullis
290 1002 397 1066 verbio
420 998 594 1083 explicari,
629 1013 683 1063 aut
704 1002 902 1091 cogitatione
923 1023 1072 1086 compre·

60 1089 165 1152 luendi
184 1110 202 1150 a
224 1089 320 1150 nobis
342 1084 481 1172 poliunt.
545 1083 670 1148 Verum
699 1088 776 1147 licet
804 1087 943 1172 aliquam
976 1088 1071 1167 hujus

59 1174 271 1239 beatitudinis
291 1174 467 1253 imaginem
488 1170 523 1230 in
555 1170 596 1230 iis
618 1173 714 1232 etiam
739 1174 848 1248 rebus,
882 1194 960 1259 quae
981 1177 1072 1235 lcul'u
1119 1206 1122 1214 v

58 1261 294 1346 percipiuntur,
315 1278 455 1322 cernere.
503 1253 582 1316 Nam
602 1260 634 1334 ³)
656 1256 920 1342 quemadmodum
941 1253 1073 1336 serrum,

58 1346 192 1408 admoto
215 1345 302 1423 igni,
335 1346 444 1422 ignem
472 1341 630 1424 concipit,
664 1355 697 1403 et
724 1345 871 1426 ‹puarnvie
901 1344 968 1425 ejus
998 1345 1073 1405 lub-

57 1432 170 1494 stantia
190 1451 257 1492 non
277 1440 434 1503 tnutetur,
456 1426 494 1486 fit
514 1437 637 1503 tamen,
658 1445 694 1488 ut
714 1428 874 1490 diversum
895 1431 1072 1514 quippiam,

59 1517 218 1579 nimirum
250 1515 335 1594 ignis
365 1511 428 1574 effe
457 1509 622 1573 videatur:
659 1512 773 1574 eodem
802 1515 916 1589 modo,
949 1500 1003 1599 qui
1035 1515 1073 1577 in

59 1602 223 1668 coelestem
242 1601 335 1661 illam
357 1597 494 1676 gloriam
516 1596 640 1659 admilfi
668 1603 758 1674 l'unt,
792 1597 855 1660 Dei
882 1619 989 1662 amore
1005 1599 1074 1661 in·

57 1674 233 1762 flammati,
267 1686 312 1747 ita
343 1682 537 1759 afficiuntur,
572 1704 642 1745 cota
669 1695 776 1745 tamen
798 1683 851 1760 id,
886 1684 970 1768 quod
991 1690 1085 1761 sunt,

61 1771 127 1834 effe
148 1794 216 1834 non
234 1770 393 1845 delineat,
426 1779 459 1828 ut
488 1767 587 1830 inulto
610 1770 711 1848 inagis
732 1767 841 1831 distare
863 1771 901 1830 ab
923 1772 981 1844 iie,
1017 1769 1074 1855 qui

61 1859 100 1919 in
121 1858 181 1919 hac
212 1857 393 1928 vitasunt,
424 1854 540 1913 merito
571 1853 634 1913 dici
663 1855 797 1938 possint,
832 1875 925 1940 quarn
952 1853 1073 1916 ferrum

61 1941 203 2005 candens
224 1942 263 2001 ab
285 1960 343 2015 eo,
365 1937 448 2025 quod
470 1936 590 1999 nullam
611 1940 728 2000 celeria
750 1940 818 2001 vim
844 1943 879 2002 in
906 1940 1074 2023 sescenti-

10 2054 22 2091 ε·
61 2038 153 2093 neat.
212 2024 255 2087 Ut
291 2025 392 2105 igitur
420 2043 487 2083 rem
521 2024 628 2106 paucis
657 2026 920 2108 complectamur,
954 2030 1131 2092 l'utmuax1.

14 2106 18 2111 ’
59 2107 141 2186 illo,
163 2123 194 2175 et
212 2111 352 2174 absoluta
375 2105 553 2179 beatitudo,
580 2130 674 2193 quam
695 2109 892 2172 ellantialem
914 2131 1076 2185 vocamus,

60 2199 101 2260 in
124 2196 186 2259 Dei
208 2194 398 2281 peffellione
416 2192 628 2254 constituenda
651 2195 700 2256 ell.
754 2195 841 2276 Quid
872 2196 959 2257 enim
985 2198 1015 2257 ei
1034 2187 1097 2259 itd'

60 2278 240 2368 perfectam
273 2278 462 2343 felicitatem
493 2276 596 2341 deellc
622 2280 735 2363 potest,
770 2283 826 2366 qui
854 2279 957 2344 Deum
986 2283 1076 2367 opti·

59 2390 171 2445 ruum,
191 2381 225 2429 et
245 2363 506 2453 perfectil'limum
529 2365 694 2446 pol'liclet?
714 2362 757 2449 -Ι-

62 2501 147 2591 [Qu.
170 2512 201 2576 7.
248 2500 347 2583 Quae
360 2502 450 2589 surm
467 2498 702 2566 accidentalia
716 2498 815 2579 bona,
839 2498 962 2589 quibua
984 2498 1077 2567 beuti

256 2586 528 2675 circumfluent?

107 2683 181 2751 ·Ad
217 2686 380 2751 effentiale
409 2687 492 2749 illud
526 2697 672 2749 aeternae
706 2685 912 2750 beatitudinis
943 2685 1077 2770 bonum]

62 2771 208 2836 *Verum
230 2774 267 2834 ad
290 2776 380 2835 illam
402 2773 525 2836 tantan*
548 2771 699 2857 quaedam
722 2773 869 2834 accedunt
884 2786 1136 2851 ornarnentaffin,
1154 2813 1187 2852 μ,

33 2886 37 2893 ·
63 2860 216 2923 omnibus
240 2862 341 2921 beatis
362 2859 562 2932 cotnanunia3
595 2878 673 2940 quae
700 2860 851 2942 quoniam
879 2862 917 2918 ab
941 2860 1079 2923 humana

62 2946 190 3007 ratione
212 2946 318 3008 miuus
341 2957 461 3006 rctnota
485 2949 572 3019 l'unt,
604 2944 828 3009 vehementius
858 2966 984 3030 quoque
1006 2945 1078 3005 ani·

63 3050 138 3094 mos
165 3030 285 3093 nostros
317 3051 537 3103 commovere,
567 3039 609 3088 aet
638 3030 776 3090 excitare
807 3029 944 3090 solent·
977 3027 1079 3111 Hujus
1144 3099 1149 3108 ,

64 3115 197 3195 genecio
219 3136 255 3178 ea
275 3119 363 3190 sucat,
393 3116 431 3177 cle
453 3116 566 3199 quibus
584 3109 757 3197 Apollolus
778 3115 815 3176 acl
838 3112 1003 3175 llomanoe
1026 3118 1079 3176 vi·

64 3201 160 3264 detur
182 3202 384 3279 intelligere,
405 3204 435 3277 a)
456 3197 596 3274 Gloria,
626 3207 660 3259 et
681 3196 803 3275 horror,
834 3208 868 3260 et
886 3221 959 3283 pax
983 3197 1079 3263 ononi
1121 3196 1128 3218 ⁸

64 3284 228 3371 operanti
249 3280 383 3347 bellurn.
409 3305 482 3346 nuru
512 3285 614 3359 gloria
643 3286 771 3367 quidem
805 3286 886 3346 beati
911 3280 1080 3368 perfruen-
1113 3334 1117 3342 .
1144 3312 1149 3331 ⁴

66 3387 138 3444 tur,
167 3392 235 3432 non
256 3370 312 3431 illa
336 3371 457 3447 solum,
491 3391 586 3453 quum
612 3370 735 3431 tantadem
757 3368 953 3430 ellerrtialcm
978 3371 1080 3431 beati-

67 3454 233 3531 tudinem,
268 3456 320 3515 vel
352 3476 422 3516 cum
455 3454 521 3535 ejue
553 3465 663 3514 natura
701 3457 842 3515 alacerrime
877 3457 1079 3536 conjunctam

67 3539 133 3603 effe
156 3538 373 3602 ostendimus:
402 3539 453 3602 l'ed
483 3559 520 3600 ea
543 3541 657 3612 ctiam,
687 3561 765 3623 quae
788 3537 903 3599 corrssat
924 3562 964 3600 ex
987 3542 1079 3618 clare,

68 3637 102 3689 et
131 3637 243 3710 aperta
275 3625 409 3700 notitia,
449 3645 544 3709 quam
575 3625 688 3701 [iuguli
716 3624 754 3686 de
782 3625 914 3686 alterius
949 3625 1080 3703 exintia,

69 3723 104 3774 et
149 3709 317 3795 praestanti
366 3709 522 3788 dignitate
569 3708 709 3770 habituri
750 3708 831 3771 [unt.
908 3704 955 3771 Αῑ
1001 3732 1078 3773 vero

67 3810 205 3883 quantoe
237 3796 297 3857 ille
330 3794 437 3857 honor
468 3792 691 3856 existimandus
714 3795 772 3870 cll,
805 3793 859 3879 qui
888 3796 935 3857 aie
969 3793 1080 3856 aDo-

17 3937 21 3952 ,
65 3883 160 3945 anino
195 3881 364 3957 tribuitur,
402 3902 472 3940 cum
506 3901 571 3955 uon
593 3882 730 3964 amplius
757 3882 857 3952 servi,
893 3880 944 3942 ted
975 3881 1080 3960 amici,

64 3965 201 4044 fratres,
223 3987 258 4028 ac
280 3965 344 4027 filii
364 3962 426 4026 Dei
450 3964 626 4027 vocentur-'l
658 3986 753 4050 ‹puare
783 3965 828 4027 ita
861 3965 978 4030 electos
1006 3972 1079 4031 luoe

102 4205 140 4273 7)
159 4205 253 4272 iuquit
265 4210 375 4273 praeter
393 4199 471 4252 Clam.
490 4216 572 4256 orum,
588 4197 669 4250 etiam
686 4198 772 4252 Alcld.

103 4329 138 4397 y)
159 4324 257 4395 Symb.
276 4326 338 4380 Nic.
354 4333 424 4385 u.11
443 4320 527 4392 [ιιι-ι’
558 4303 950 4391 a)Eadm.lllou·des1mill.
970 4323 1035 4382 Aut.
1056 4342 1081 4379 e.
1161 4314 1165 4333 ¹
1186 4366 1189 4370 .

103 4406 151 4464 67.
167 4399 213 4470 (p.
221 4396 346 4468 166lq.)
363 4423 397 4437 ·-
433 4395 464 4466 a)
482 4395 561 4450 nou.
579 4403 612 4462 2,
630 4413 666 4453 to·
