2542 4898
324 745 380 818 ne
405 743 585 819 indicibus
611 746 768 820 editionis
794 758 941 821 nostroe.
1092 778 1123 822 n

113 946 203 998 tomo
229 932 352 1015 inquo
376 927 588 993 inveniuntur
601 930 643 1019 ⁴).
696 929 761 994 Hie
784 928 862 994 tomi
882 950 1037 996 numerus
1061 955 1121 997 no-

110 1019 164 1083 bis
188 1027 258 1082 erat
279 1012 515 1097 adjiciendus,¹
535 1015 612 1103 quia
634 1015 667 1079 b.
694 1013 924 1081 Streitwoiiius
953 1014 1122 1083 brevitatis

112 1103 226 1185 studio
246 1100 397 1191 pagiuam
421 1098 575 1188 quidem,
608 1124 718 1190 neque
739 1124 816 1168 vero
832 1099 954 1169 Tomos
976 1102 1123 1192 singulo·

113 1214 187 1254 rum
211 1208 348 1277 operum
371 1183 471 1275 vulgo
495 1185 662 1252 indicavit.
715 1185 760 1252 Ut
787 1196 937 1251 notarum
957 1188 1124 1276 adspersa·

112 1300 188 1341 rum
211 1273 295 1338 ratio
316 1270 381 1334 sibi
403 1281 587 1351 constaret,
619 1296 679 1337 nos
711 1273 745 1336 in
778 1295 878 1361 opere
903 1272 1124 1339 continuando

112 1362 265 1438 easdem,
300 1380 380 1446 quas
403 1357 526 1422 amiens
550 1357 629 1438 itte,
668 1356 827 1422 editiones
854 1357 1050 1446 scriptorum
1072 1384 1123 1425 ee·

107 1444 372 1513 'oiesiastieorum
406 1442 610 1532 aliorumque
644 1445 882 1532 usurpavimus.
943 1442 1125 1509 Rarissime

111 1543 260 1610 tantum,
293 1537 421 1618 praeter
450 1528 631 1593 editionum
653 1529 823 1618 scriptoris
850 1527 991 1614 alicujus
1022 1530 1125 1596 semei

111 1628 277 1705 receptam
302 1625 336 1678 et
355 1613 500 1689 citatam,
530 1614 591 1678 aiio
623 1615 724 1679 editio
745 1615 937 1697 adbibetnr3
974 1615 1064 1704 qnod
1086 1615 1121 1680 in

101 1703 220 1769 'indice
235 1712 334 1765 noto:
361 1703 455 1781 ,‚siue
471 1700 540 1763 aiio
557 1701 679 1765 editio’'
704 1700 911 1789 indigitatum
934 1711 995 1765 est.
1040 1700 1123 1767 Fere

110 1812 243 1876 semper
280 1795 388 1849 nutem
420 1784 602 1849 editionum
626 1785 921 1874 praestantissimos
956 1808 1120 1875 quasque,

109 1898 218 1963 paene
246 1894 358 1936 orrines
388 1893 428 1935 ex
456 1870 631 1958 praeclaris
651 1871 774 1961 Regino
800 1869 1019 1936 bibliothecae
1042 1877 1124 1936 Aea·
1199 1936 1204 1943 ,

110 1960 240 2027 demiae
254 1957 415 2043 Georgine
423 1956 593 2045 Augustae
611 1957 773 2022 thesauris
790 1956 958 2022 commodo
977 1956 1127 2044 deprom-

111 2058 181 2124 tas,
207 2044 243 2108 in
270 2064 364 2106 usum
385 2064 445 2106 uos
468 2043 690 2125 convertisse,
713 2042 802 2106 tituli
823 2041 1028 2130 singulorum
1051 2066 1127 2130 ope·

117 2155 191 2196 rum
215 2130 345 2192 doeeut.
410 2125 547 2191 Etiamsi
576 2153 651 2193 vero
685 2129 824 2194 lectores
845 2129 884 2191 ad
908 2151 1038 2190 monum
1061 2152 1128 2192 non

113 2216 258 2280 habeant
280 2213 408 2277 easdem
430 2213 613 2295 editiones,
651 2215 738 2278 loeos
770 2213 949 2277 seeundum
971 2212 1073 2276 libros
1098 2226 1130 2278 et

114 2301 223 2390 e'apita
246 2298 341 2362 etiarn
365 2297 542 2386 diligenter
566 2299 679 2363 eitntos
703 2299 735 2361 in
759 2299 967 2400 oiiaqnoqne
984 2298 1128 2363 editione

116 2385 316 2473 investigare
335 2393 501 2470 poterunt.
557 2383 607 2447 Ne
640 2396 745 2448 tomen
766 2385 813 2447 ·in
837 2384 970 2448 nimiam
995 2385 1048 2447 hie
1073 2384 1128 2447 ln-

114 2474 179 2539 dex
202 2480 406 2534 excresceret
427 2468 566 2549 molem,
590 2492 742 2533 numeros
764 2469 966 2571 paginarum,
990 2469 1024 2531 in
1060 2470 1131 2558 qni-

114 2560 178 2624 bus
223 2555 289 2620 ioei
329 2554 397 2619 sivo
430 2555 563 2617 Petrum
599 2554 892 2619 ecelesiasticorum
924 2554 1128 2643 oliornrnqne

119 2643 317 2732 scriptorum
341 2640 409 2703 sive
432 2638 654 2703 Cnneiiiornm
679 2664 696 2702 o
720 2641 815 2703 nobis
838 2640 1027 2715 laudantur,
1060 2666 1126 2704 non

119 2726 395 2797 enumeravimus.
443 2724 528 2789 Sunt
550 2726 658 2789 iorsnn
681 2726 738 2787 eni
760 2724 1058 2805 dieant,ludiee1n
1079 2750 1127 2789 sn-

118 2839 194 2883 erae
217 2813 398 2900 scripturae
421 2809 454 2874 in
469 2810 603 2899 gratiam
620 2750 845 2897 tireobogorum
871 2810 1132 2899 evangelicorum

119 2899 298 3001 praecipue
320 2896 503 2961 eonieetnm
528 2920 620 2977 esse,
643 2895 822 2960 iitrmrium
846 2895 955 2981 potins
979 2896 1012 2958 in
1037 2920 1131 2960 nsnrn
1218 2952 1225 2968 ,

123 2985 381 3054 catholieornmr
422 3006 479 3046 nos
510 3005 586 3047 vero
610 2995 785 3070 utrumqne
811 2982 952 3045 indicem
975 2982 1079 3045 ethis
1102 2994 1134 3046 et

125 3073 194 3137 iliis
217 3094 284 3135 non
301 3069 462 3156 ingr-otum
481 3067 550 3131 iore
568 3081 783 3132 autumamus,
829 3066 952 3132 Ultimo
971 3067 1042 3131 loeo
1066 3068 1133 3130 edi·

123 3160 169 3223 tio
208 3167 320 3221 nostru
360 3152 545 3241 suppeditet
582 3154 769 3218 lndieem
807 3177 942 3217 rerum
975 3154 1134 3239 praeei-

121 3265 329 3335 puarum‚
363 3239 479 3340 partim
510 3262 550 3301 ox
580 3240 708 3304 duobus
737 3237 901 3304 indicibus
919 3239 947 3328 5)
964 3240 1032 3324 jone
1060 3250 1134 3302 nerto

121 3354 182 3398 nos
206 3323 397 3415 compositos
420 3326 593 3407 honustum,
629 3326 745 3413 partim
765 3325 907 3413 propriis
928 3325 1044 3389 studiis
1069 3324 1133 3387 eni-

118 3421 241 3486 ieetum
253 3413 296 3499 ⁶).

155 3583 211 3631 not.
231 3593 255 3628 e.
279 3592 305 3641 p.
324 3573 386 3623 612.
411 3572 464 3619 not.
481 3582 513 3626 23
541 3566 602 3615 654.
629 3566 681 3613 not.
700 3575 725 3613 u.
746 3583 780 3598 ·-
825 3561 856 3624 4)
875 3558 907 3609 Τ.
926 3558 961 3611 11.
981 3576 1006 3626 p.
1026 3560 1078 3608 1511
1096 3575 1135 3624 sq.

156 3649 243 3701 literis
261 3645 300 3697 Μ.
319 3649 344 3694 et
362 3640 399 3691 H.
417 3638 573 3689 denotantur
592 3632 764 3683 Cotteniones
785 3631 972 3689 Consiliorum,
998 3645 1061 3694 qeins
1080 3629 1137 3678 seii-

155 3723 253 3772 deruot
270 3716 297 3768 J.
317 3714 348 3765 D.
369 3709 487 3772 Mauri,
504 3713 530 3758 et
547 3702 803 3763 nuarduinns,
821 3716 926 3751 numero
945 3707 1070 3751 tomorum
1090 3716 1137 3767 np-

155 3791 252 3859 posito.
269 3814 305 3823 -
342 3784 374 3849 ὁ)
393 3781 480 3843 Unus,
507 3792 582 3844 quem
602 3776 709 3839 singulis
728 3772 869 3824 emenonis
888 3778 1002 3822 nostrum
1022 3771 1137 3837 fecimus,

158 3870 200 3914 eat
218 3855 305 3910 Index
324 3854 478 3920 dogmatum
504 3857 530 3899 et
541 3845 761 3916 reformationis,
788 3845 830 3908 qui
850 3843 1003 3894 editionibus
1031 3843 1139 3892 Conciiii

156 3929 314 3991 Tridentini,
328 3925 416 3978 iodea
434 3920 547 3974 secunda
561 3918 669 3970 Manutii
685 3919 712 3967 in
727 3917 770 3965 tot.
789 3930 870 3980 arsque
887 3915 918 3965 nd
936 3914 1138 3964 hiutnnrdinnam

159 4012 187 4057 et
199 4001 347 4056 Platianam
361 3995 484 4064 paulatim
505 3997 610 4051 auctus,
634 3988 691 4038 addi
708 3989 774 4037 rotet
788 3986 919 4036 omnibus:
943 3987 1015 4047 atter,
1031 4001 1081 4049 nero
1099 3985 1139 4034 usi

158 4089 257 4139 sumus,
281 4065 480 4137 supervacaneis
495 4070 580 4114 tamen
601 4061 717 4121 resectis,
728 4058 781 4122 jum
797 4059 890 4119 tegitur
909 4058 933 4107 in
951 4057 1067 4122 originali
1083 4052 1140 4105 ed-

164 4149 239 4200 tiona
259 4138 416 4195 Cateebismi
437 4136 514 4187 Rom.
538 4132 693 4185 bisantione.
737 4129 907 4194 Repetterunt
933 4128 1042 4179 eundem
1072 4126 1140 4175 vario

162 4217 346 4286 amptifieatum
369 4208 510 4278 permotus
529 4201 682 4255 Catechismi
697 4200 837 4262 editiones,
852 4204 928 4250 etiam
942 4200 1101 4249 Cteenentinn
1116 4212 1139 4244 a.

162 4293 259 4351 lton,
285 4298 364 4351 qoam
389 4296 435 4332 uos
455 4279 594 4344 sequimur·
616 4301 650 4311 -
693 4272 724 4338 6)
745 4271 784 4321 (tt.
807 4287 829 4323 e.
851 4288 877 4337 g.
900 4272 1021 4324 articulos
1040 4266 1141 4319 nomina

165 4361 271 4430 propria
286 4353 448 4410 exhibentes.
478 4436 481 4441 Ι

476 4472 813 4501 η’*-
