2542 4898
1147 306 1156 332 t

162 614 179 647 '
249 642 337 738 Cap.
360 640 421 712 111.
473 637 532 708 De
558 637 714 711 secundo
741 594 899 718 a'rttcuio.
1004 660 1075 731 131

61 825 140 890 darn
161 822 423 911 promistionarn
440 828 533 913 saepe
553 825 774 904 confirmarit,
797 831 1011 917 majoremque
1029 829 1078 895 toi

62 911 194 976 confilii
214 912 479 993 fignificetionem
500 913 543 976 iia
563 915 749 998 praesertim
772 915 959 978 horninibus
980 914 1080 995 dedit,

64 999 184 1084 quibua
206 998 314 1060 rolnit
331 998 521 1082 [iugularem
542 998 800 1061 benevolentiam
817 1001 980 1085 praeliare.
1020 996 1081 1066 In·

64 1096 115 1146 tec
143 1094 271 1147 ceteros
291 1102 392 1158 vero,
423 1085 712 1169 compatriarchae
735 1085 886 1148 Abrahae
915 1091 947 1163 ¹¹)
970 1084 1082 1172 [aepa-

64 1189 203 1233 nomero
229 1169 292 1230 boc
322 1167 503 1247 nryflariurn
522 1169 741 1249 fignificaffet,
769 1184 837 1234 turn
867 1191 907 1234 co
936 1183 1082 1256 tempora

65 1256 212 1339 apertius
228 1253 414 1328 declaravit,
436 1276 506 1318 curn
524 1256 581 1317 illa
605 1254 775 1338 Deijussis
792 1255 955 1334 obediens,
976 1256 1082 1321 filium

64 1347 158 1403 t'uurn
191 1340 320 1402 unicum
351 1335 436 1402 Isaac
465 1341 635 1404 immolare
672 1342 796 1403 voluit:
841 1342 887 1404 ait
911 1347 938 1412 2)
973 1343 1081 1406 enirn:

76 1424 108 1508 v)
133 1423 233 1506 Quia
250 1419 370 1510 fecisti
399 1421 490 1487 lianc
515 1445 608 1498 rem,
641 1434 676 1487 et
702 1445 770 1488 non
793 1446 837 1511 pc
862 1424 975 1512 orcisti
996 1424 1082 1511 filio

65 1520 129 1572 tuo
146 1506 351 1593 unigenito,
379 1501 578 1572 benedicam
603 1504 686 1585 ribi,
707 1518 742 1572 et
762 1531 822 1572 mu
839 1507 1004 1594 ciplicabo
1023 1508 1081 1596 fe-

64 1614 146 1656 man
169 1601 273 1655 tuum
282 1587 378 1678 stent
383 1589 507 1676 stellae
522 1592 620 1666 coeli,
642 1602 677 1655 et
693 1591 790 1657 velut
809 1614 972 1673 arenam,
993 1615 1082 1681 qrrna

66 1675 115 1774 est
145 1676 184 1740 in
205 1674 325 1739 littore
348 1676 469 1741 marie.
495 1673 673 1766 poffidebit
694 1677 810 1762 semen
837 1687 937 1741 tuum
956 1688 1082 1764 portua

65 1760 293 1825 mimicorum
320 1769 460 1823 tuorum
483 1765 532 1840 ³),
566 1771 599 1825 et
623 1757 868 1825 benedicentur·
891 1761 929 1824 in
944 1762 1083 1845 somine

66 1858 128 1909 tuo
153 1865 272 1907 onrnea
298 1854 423 1930 genter
449 1856 580 1921 terrae,
608 1845 692 1931 quin
718 1841 858 1930 obedisti
880 1847 955 1910 voci
975 1867 1082 1909 meae.

65 1931 118 1995 Ex
143 1932 259 2018 quibua
279 1931 386 1993 aarbia
408 1925 503 1994 facile
536 1932 649 2011 colligi
670 1942 816 2016 poterat,
850 1951 892 1993 ax
923 1931 1083 2018 proganie

65 2015 219 2081 Abrabae
240 2011 405 2093 sotorum,
426 2017 482 2102 qui
504 2017 652 2080 omnibus
680 2018 719 2078 ab
740 2016 967 2079 imruaniffirna
989 2018 1083 2078 Sata-

64 2124 128 2168 nae
149 2100 321 2183 tyrannide
347 2102 506 2164 libertatis
522 2106 551 2180 ⁴)
581 2103 715 2165 talutem
735 2103 873 2166 afferrat.
903 2103 998 2165 illum
1023 2123 1084 2164 au-

65 2201 134 2254 tern
154 2187 220 2252 Dei
240 2188 364 2265 filium,
385 2199 495 2250 natum
517 2208 560 2250 cx
584 2191 704 2252 l'errrioe
724 2184 892 2265 Abrahae,
911 2187 1082 2252 secundum

66 2295 196 2338 carnem
216 2280 259 2354 w)
282 2267 398 2355 fore5)
419 2271 542 2337 neccss'a
571 2284 650 2337 erat.
704 2271 778 2336 Non
812 2273 858 2335 ita
880 2274 984 2336 multo
1014 2270 1121 2358 pobv.

66 2359 248 2434 Dominus,
270 2370 304 2421 ut
324 2358 465 2442 ejusdam
486 2357 708 2444 prorniffionia
730 2358 886 2422 memoria
911 2363 1081 2422 conferva·
1238 2422 1242 2436 ,

66 2458 177 2520 retur,
198 2445 285 2508 idem
309 2440 424 2508 foedus
445 2467 516 2507 cum
538 2444 635 2507 Jacob
654 2440 804 2506 Abrahae
837 2455 956 2528 napata
977 2444 1082 2508 sanci·
1176 2469 1181 2487 ·

66 2535 132 2593 rit.
166 2553 243 2594 narn
265 2551 336 2612 curu
359 2531 417 2593 ille
446 2529 483 2612 ¹)
506 2526 543 2592 in
569 2527 700 2611 somnia
723 2525 815 2592 vidit
829 2526 969 2609 scalam
978 2526 1081 2614 ston-

67 2625 138 2680 tem
151 2612 265 2704 super
292 2624 441 2692 terram,
460 2623 494 2678 et
519 2633 682 2677 cacumen
703 2608 803 2674 illiue
826 2620 977 2697 tongeno
1003 2633 1082 2675 cae·
1108 2642 1122 2658 ·

65 2698 128 2779 loa,
147 2697 292 2786 angelon
321 2719 451 2786 quoque
485 2695 555 2760 Dei
587 2693 837 2783 adscendentes
873 2705 908 2758 et
941 2692 1082 2782 descen-

66 2783 189 2849 dentes
219 2804 283 2870 per
309 2804 403 2860 eam,
430 2794 465 2844 ut
494 2782 617 2844 testatur
637 2781 810 2866 l‘criptura3
836 2779 962 2842 audivit
983 2781 1081 2844 otiam

66 2867 261 2933 Dominum
282 2866 446 2931 innixum
460 2863 585 2954 scolae
616 2863 786 2929 dicentem
800 2858 881 2944 fibr':
904 2862 981 2950 Ego
1022 2868 1090 2927 um*

65 2953 228 3017 dominns
245 2949 342 3016 Deua
367 2949 550 3016 Abrabam
568 2947 687 3036 patric
708 2946 773 3025 tui,
794 2957 829 3010 et
845 2944 943 3011 Deua
966 2949 987 3012 1
1006 2969 1082 3012 nac.

68 3048 221 3115 terram,
243 3035 280 3099 in
304 3058 373 3122 qua
401 3033 546 3114 dormis,
572 3032 639 3097 tibi
665 3031 768 3108 dabo,
791 3042 825 3094 et
849 3026 980 3115 semini
1002 3041 1082 3108 tuor

68 3123 206 3209 eritque
223 3119 345 3206 semen
377 3130 479 3184 tuum
506 3116 601 3205 quast
620 3116 740 3215 pulvis
765 3126 891 3181 terrae.
932 3113 1083 3179 Dilata-

14 3270 18 3275 .
69 3203 160 3271 beria
193 3204 242 3269 ad
268 3205 453 3282 orientem,
490 3214 524 3267 et
555 3201 782 3279 occidentem,
811 3211 846 3264 et
865 3197 1084 3288 septentrio-

69 3313 159 3371 nem,
179 3301 215 3355 et
239 3287 437 3367 meridiem,
461 3297 496 3352 et
524 3284 768 3351 benedicentur
784 3283 822 3348 in
846 3295 889 3365 te,
909 3294 943 3350 et
963 3285 1000 3349 in
1017 3280 1084 3369 se-

68 3375 165 3440 mine
190 3384 250 3438 tuo
279 3382 424 3437 cunctae
446 3369 558 3437 tribue
589 3380 715 3436 terroe.
768 3369 879 3458 Neque
911 3375 943 3447 t)
976 3369 1132 3455 posteavt.
1146 3419 1153 3452 ί

70 3442 192 3524 beticii
205 3458 304 3535 Dens,
318 3458 429 3522 eadem
443 3456 492 3522 sui
509 3456 655 3544 proruisti
670 3457 825 3519 memoria
844 3453 1027 3518 renovanda
1044 3456 1084 3534 ⁶),

70 3558 102 3610 et
130 3548 246 3629 generi
280 3542 462 3621 Abraham,
499 3557 531 3607 et
563 3543 675 3606 multia
707 3552 870 3628 praeterea
897 3539 1086 3603 horninibus

103 3810 143 3878 2)
161 3809 262 3862 Eodem
279 3809 354 3862 modo
371 3824 472 3865 oroneo,
491 3805 570 3859 clem.
585 3809 705 3870 excepta,
722 3804 822 3868 iuquit.
836 3825 872 3839 ·-
889 3796 921 3864 3)
937 3798 985 3847 Ito
1002 3796 1085 3848 etiam

104 3880 211 3968 nidd-3
225 3882 307 3937 Leod.
325 3893 353 3933 et
372 3880 461 3940 Com.
479 3878 592 3931 suorum
609 3876 755 3986 αδδς
771 3869 809 3938 4)
821 3866 1085 3993 ἑΐιὲεστηίαὲιιοᾰῖὶιῖἒς
1198 3936 1200 3942 Ι

104 3945 644 4094 1ΞΜΐιῗιῖἰἜᾶ,Αέἔέᾱ.Μιοῖὀοιιῗῖᾰ,
660 3943 907 4083 {instertffcorfrnb
929 4029 977 4064 om.
995 4009 1085 4066 Laod-r

108 4042 169 4146 025·
185 4103 229 4160 23
255 4104 400 4166 utrumque
426 4091 496 4160 deest
515 4090 544 4142 in
561 4092 627 4141 lov.
646 4095 674 4137 et
696 4085 785 4155 bugd.
803 4094 843 4148 23
870 4080 952 4135 Febr.
974 4089 1000 4131 et
1020 4081 1085 4134 Van.

10 4162 18 4223 '.
107 4166 169 4216 ita.-
187 4165 316 4221 Abrahae
334 4165 387 4218 sec.
406 4179 532 4227 carerem,
555 4160 626 4214 sore.
644 4184 679 4200 -
709 4157 745 4224 6)
763 4156 876 4210 eandem
895 4152 916 4208 i.
933 4171 961 4221 p.
978 4168 1087 4207 mamo-

10 4238 22 4353 Ι
107 4242 181 4291 riam
198 4236 359 4291 renovando
376 4236 469 4306 Aug„
496 4235 570 4304 Meg.

107 4363 148 4432 u)
162 4361 202 4417 ib.
221 4371 266 4425 ta,
283 4360 364 4431 rsqq.
389 4368 433 4424 17,
448 4357 530 4427 ts‘i‘l·
542 4363 586 4421 18,
605 4373 631 4411 to
644 4353 702 4422 sqq·
719 4376 755 4392 -·
774 4349 804 4419 a)
821 4347 859 4403 ib·
878 4355 922 4409 22,
942 4344 1033 4415 ttiqq.
1050 4367 1085 4385 ··

107 4436 151 4502 w)
168 4437 250 4490 itom-
267 4445 296 4497 1,
312 4449 335 4490 a.
352 4439 380 4494 9,
396 4451 419 4486 e·
441 4457 476 4471 ·-
493 4430 529 4496 x)
547 4428 618 4483 Gen·
633 4431 676 4487 28·
697 4420 796 4493 tt,iqq.
824 4443 859 4463 ··
877 4419 913 4487 y)
930 4415 969 4471 ib·
987 4420 1031 4478 49»
1050 4432 1087 4472 to·

110 4525 146 4566 re.
167 4508 249 4561 nan.
268 4511 312 4569 24,
335 4521 370 4561 rr.
391 4503 472 4554 Dent.
490 4505 534 4562 18.
552 4515 589 4554 tt.
607 4497 706 4565 Πίος.
723 4500 750 4555 7,
771 4509 806 4550 tr.
825 4490 860 4544 rt.
989 4538 991 4543 ,
1026 4499 1032 4511 ·

772 4591 837 4666 12
