2542 4898
267 115 352 210 Cap.
375 117 418 184 ll.
470 113 526 182 De
554 115 672 206 primo
698 116 855 185 urticnlo.
988 130 1057 195 195

53 318 153 362 meur
176 316 211 358 eo
241 304 299 369 tu,
321 296 483 380 qnom‘nm
506 291 668 356 bonorum
696 317 849 359 meorum
877 319 942 360 non
971 318 1060 384 eges.

55 380 341 469 Quemadmodum
361 395 463 443 autern
482 379 534 443 lue
556 383 698 444 bonitate
721 383 880 460 adductus,
906 389 937 462 P)
959 404 1062 468 quoe-

50 494 72 536 c
156 487 200 530 ue
226 463 348 544 voluit,
375 460 489 550 jecit:
520 467 567 528 itu
599 488 666 529 non
699 470 885 557 exemplum
921 468 1063 555 aliquod,

54 566 111 619 ont
148 570 289 627 ormam,
311 570 389 636 quae
411 562 502 614 extre
531 556 564 615 le
587 553 684 636 polito
708 553 802 630 effet,
824 575 894 617 corn
915 557 1064 619 universa

53 637 226 715 conderet,
247 641 371 723 secutos
400 637 459 711 etl3
488 657 600 700 return
625 644 655 714 tt)
678 639 752 724 quin
784 660 890 703 rerum
919 641 1065 702 omnium

55 722 226 811 exemplar
246 723 358 785 divino
387 722 605 804 intelligentia
633 727 829 800 continetur,
857 725 892 788 id
922 729 1076 813 summusx
1109 732 1111 736 ’
1165 782 1168 787 .

56 806 178 876 artifex
199 810 235 872 in
255 812 288 871 lo
310 806 380 892 ipso
402 809 549 883 intuens,
576 830 610 872 oc
631 809 735 873 voluti
756 811 916 888 imitatus,
943 815 1064 881 somme

53 894 225 984 sapientie,
254 908 284 957 et
305 893 433 956 infinito
454 896 591 970 virtute,
621 916 700 981 quoe
733 897 830 981 iplins
862 899 994 982 proprio
1015 896 1066 968 etr,
1137 890 1144 902 ’

54 1003 165 1047 rernm
192 979 429 1042 nnivertitntem
459 979 556 1042 initio
613 985 789 1044 rocreovit:
823 985 851 1062 ι)
877 980 958 1067 Ipse
977 983 1066 1044 enirn
1144 1020 1150 1028 ·

54 1066 164 1145 dixit,
200 1073 236 1127 et
259 1060 368 1151 facto
389 1061 500 1152 sunt.-
533 1063 607 1151 ipe
644 1065 845 1147 mondavit,
879 1075 914 1129 et
948 1076 1067 1131 orento
1149 1106 1156 1119 ·

47 1146 220 1251 sanor
818 1212 822 1228 .

55 1308 141 1395 [Qu.
160 1312 213 1381 16.
257 1300 356 1385 Quid
377 1322 440 1399 per
462 1300 597 1368 caelum
618 1314 653 1369 et
677 1313 810 1369 terrum
833 1302 983 1370 hocloco
1008 1304 1067 1368 in-
1115 1363 1122 1369 ,

266 1387 486 1475 telligrturt]

123 1503 285 1568 *Verum*
304 1500 400 1576 caeli,
432 1510 464 1562 et
495 1509 597 1564 terroe
619 1501 772 1579 nornine,
805 1499 958 1589 quidquid
993 1521 1065 1564 cao-

56 1596 147 1667 lom,
176 1602 209 1656 et
230 1604 312 1652 terre
334 1588 573 1671 complectitur,
609 1587 854 1669 intelligendum
884 1588 934 1651 ett.
987 1586 1068 1649 Nom

57 1690 188 1766 praeter
219 1677 343 1749 coelos,
380 1692 460 1758 quos
491 1693 587 1757 opero
623 1672 798 1755 digitorum
831 1675 898 1755 ejus
927 1670 953 1752 ⁸)
973 1672 1069 1735 -I‘ro-
1128 1691 1133 1700 “

57 1767 160 1853 pheta
195 1757 388 1846 appellavit,
423 1756 500 1820 solis
534 1760 631 1822 etiarn
659 1761 880 1847 splendorem,
912 1762 1069 1845 lunaeque

58 1863 92 1915 et
119 1854 165 1930 ¹³)
185 1860 362 1910 ceterorum
381 1841 517 1905 lidorum
538 1857 687 1910 ornatum
719 1845 861 1923 eddidit,
893 1858 1004 1931 etque,
1034 1853 1070 1905 ut

58 1935 162 2001 effent
177 1938 209 2012 t)
231 1931 268 1995 in
279 1927 408 2018 figno,
428 1936 462 1990 et
485 1936 640 2014 tempora
662 1939 696 1994 et
713 1929 798 2008 dier,
820 1939 995 2006 ettennon,
1023 1930 1069 1992 ito

57 2022 220 2086 caetorum
243 2021 340 2099 orbes¹
358 2025 454 2090 certo,
476 2023 508 2075 et
523 2015 674 2078 constanti
696 2020 785 2079 curlo
807 2017 1011 2101 temperavit,
1035 2025 1069 2076 ut

56 2108 146 2173 nihil
169 2114 321 2191 perpetuo
342 2092 457 2163 eorum'
475 2101 681 2163 convertiono
702 2100 866 2176 mobilius,
888 2102 974 2162 nihil
995 2120 1069 2177 nro-

56 2194 186 2259 bition
208 2191 265 2252 ille
298 2186 416 2249 certius
445 2182 550 2245 videri
586 2184 695 2270 potiit.
752 2179 814 2275 [At
842 2207 920 2248 vero
952 2197 1069 2248 terrum
1162 2188 1168 2208 ⁸

55 2275 162 2345 etiem
183 2281 216 2354 ¹¹)
249 2270 356 2357 super
374 2264 608 2357 stabilitatem
632 2268 736 2353 suom
757 2267 954 2358 fundatam
982 2269 1069 2332 Dens

57 2368 160 2429 verbo
182 2361 237 2426 [uo
256 2358 343 2441 julsit
368 2358 402 2417 in
422 2353 526 2415 medio
548 2356 661 2417 mundi
686 2370 776 2442 parte
797 2356 968 2430 conlittere,
989 2354 1070 2417 effe·
1119 2385 1130 2413 t

56 2453 168 2538 citque
189 2459 224 2510 ut
255 2442 291 2523 v)
313 2437 562 2523 adscenderunt
588 2448 737 2519 montes,
767 2450 802 2505 et
828 2437 1069 2525 descenderent

56 2531 178 2621 campi
200 2530 238 2594 in
266 2528 395 2598 luerem,
414 2542 521 2671 poem
540 2521 714 2608 fundavit
744 2524 815 2589 eie.-
836 2548 891 2602 nc,
913 2546 952 2587 ne
972 2546 1071 2611 nqua-

56 2638 133 2686 rom
156 2618 209 2680 vis
230 2616 319 2677 ittam
334 2614 411 2673 inun
435 2619 511 2688 oret,
533 2609 720 2674 terminum
730 2608 869 2697 posuit,
888 2631 987 2696 quem
1002 2631 1070 2672 non

57 2699 381 2790 transgredientur,
403 2714 510 2780 neque
523 2704 765 2772 convertentur
778 2696 911 2783 operire
928 2704 1071 2759 terrum.

60 2858 509 2883 ———-—-·⁸——-

94 2943 149 3010 13)
167 2943 216 2991 Itu
234 2938 287 2990 Col.
302 2947 328 2998 1.
350 2946 378 2997 2.
401 2946 430 2988 et
455 2935 549 2996 Cleon,⁸
567 2933 668 3001 Areu,
703 2934 788 3005 Aug,
805 2937 880 3008 Meg.
897 2934 1072 3004 splendorem
1114 2927 1118 2938 ⁸

94 3016 251 3081 lunaeque.
270 3023 312 3072 et;
330 3009 449 3081 reliquae
466 3008 655 3077 splendorem,
673 3007 824 3075 lunaeque,
842 3020 878 3061 et.
915 3008 1003 3058 Haud
1021 3007 1073 3058 du-

97 3084 140 3137 lu'e
158 3085 295 3150 lunaeque
324 3099 384 3132 curn
402 3078 480 3152 seqq.
504 3077 716 3150 conjungendum
740 3079 794 3144 est,
827 3087 947 3149 recteque
971 3078 1073 3130 omnino

97 3155 275 3227 distinguunt
293 3151 346 3206 cot.
363 3162 391 3213 1.
404 3160 439 3211 2.,
457 3160 485 3201 et
503 3149 692 3222 quodammodo
709 3149 793 3201 etium
809 3149 903 3216 Alea,
920 3167 988 3219 quoe
1004 3151 1073 3219 jon·

94 3226 180 3300 gendr'
207 3221 290 3290 causo
315 3231 379 3274 onte
403 3235 431 3274 et
461 3239 561 3274 commo
582 3238 676 3291 ponere
694 3216 793 3287 solent.
834 3221 895 3272 Non
915 3218 988 3287 sotis
1013 3237 1075 3270 vero

96 3308 196 3369 optem
220 3294 299 3346 Imber
316 3293 552 3362 interpunctionem
572 3292 752 3356 Clementiae,
782 3308 850 3362 quoe
875 3291 946 3342 oliuo
964 3290 1076 3341 eundem

98 3369 268 3424 Aldinorum
279 3383 374 3417 morem
387 3362 486 3433 secuta
504 3364 544 3430 est
559 3373 642 3435 utque
659 3381 681 3414 e.
697 3381 726 3433 g.
745 3380 803 3413 mox
820 3362 891 3414 inter
909 3376 1030 3429 ternpore
1047 3373 1075 3414 et
1188 3413 1195 3427 .

36 3462 40 3470 ·
98 3443 161 3495 dieo
178 3457 277 3490 commo
294 3435 400 3502 omrfit,
417 3433 464 3505 ud,
482 3434 555 3507 quod
570 3436 599 3486 r'n
623 3433 758 3487 nonnullis
782 3431 910 3491 hebetur.
935 3435 978 3484 ita
996 3431 1075 3486 verbo

96 3515 342 3580 conjungerentur:
368 3505 443 3577 figur
472 3520 500 3559 et
521 3518 661 3574 ternpore,
687 3519 716 3560 et
743 3505 801 3558 dieo
831 3518 859 3557 et
882 3523 979 3562 onnon.
1015 3504 1075 3572 (ct.

97 3585 170 3644 Μ.
189 3584 258 3643 08.
277 3598 324 3648 qn.
336 3585 372 3640 6..
390 3577 437 3631 uti
449 3578 577 3644 similiter
596 3583 739 3646 virumque
758 3590 786 3630 et
803 3595 916 3629 uxorem
925 3577 1055 3648 jungitur
1062 3595 1073 3637 ,-

97 3661 131 3713 u.
151 3656 184 3710 Ρ.
198 3663 224 3714 2.
244 3654 274 3707 C.
287 3659 315 3713 tt·
333 3668 381 3721 qu.
399 3658 426 3713 4.
445 3651 577 3721 odioque,
595 3649 716 3706 diffinita.
735 3661 763 3702 et
780 3649 955 3716 discordias.)

97 3773 452 3899 p)1’s·11.'l.³(112.-
477 3774 514 3845 q)
533 3773 606 3844 Aug.
631 3772 682 3826 lib.
708 3773 742 3826 de
760 3775 795 3834 83
813 3768 940 3838 quantit,
965 3788 1013 3839 qn.
1032 3775 1076 3826 tf..

97 3851 343 3921 (ρ.14.)ΊΊιοιη.
391 3863 437 3916 qu.
463 3844 492 3903 S.
522 3846 563 3901 th.
580 3857 606 3906 1·
635 3862 684 3916 qu.
701 3851 745 3904 ll·
769 3861 794 3894 a.
811 3848 838 3902 3.
871 3842 974 3895 Bonnv.
1000 3846 1028 3892 in
1048 3850 1074 3898 2.

99 3924 177 3978 selli-
195 3918 254 3976 dist·
275 3929 300 3980 1·
318 3935 346 3986 F·
361 3926 387 3976 1·
405 3936 430 3970 8·
447 3927 473 3977 1·
497 3927 567 3987 (111¹
587 3924 624 3956 ¹·-
650 3916 681 3982 l')
700 3915 744 3968 ps·
762 3920 805 3974 321
823 3929 847 3969 9ο
875 3917 935 3973 148,
952 3929 974 3965 5.
998 3936 1027 3954 ··
1045 3916 1074 3969 d)

99 3997 138 4053 ib.
157 4005 182 4066 s,
198 4013 223 4052 ι.
244 4020 277 4035 -··
297 3989 322 4063 t)
340 3988 410 4043 Gen·
425 3998 450 4054 1.
471 3990 559 4044 n:—
579 3989 613 4057 n)
631 3988 745 4050 1‘12103.
762 4006 784 4050 e·
804 4010 837 4024 -·
858 3985 887 4049 v)
908 3985 945 4035 ib·
966 3999 989 4037 v.
1009 4001 1021 4037 ³
1038 3983 1073 4050 st·
