2542 4898
273 612 362 711 cap.
386 610 481 688 VIII.
531 612 591 685 De
611 612 857 712 Metrimonio.
913 632 925 639 ““
994 629 1071 709 455

54 796 232 863 lulretorie
264 797 362 860 nostri
389 796 518 869 ,chriti
549 798 670 860 cultum
705 808 738 859 et
766 784 958 878 relissionem
988 824 1070 887 pro-

52 895 238 958 crearetur,
259 894 354 969 utque
374 884 575 955 educaretur,
599 884 785 945 incrementi
807 883 946 963 dignitas
969 890 996 964 ²)
1015 886 1069 950 illi

55 973 177 1033 tributu
197 968 248 1033 eti.
305 966 384 1031 Cum
416 969 502 1030 eninr
525 966 664 1029 Chrillne
703 967 854 1033 dominus
891 974 988 1033 vellet
1012 992 1155 1035 tir-xum.

55 1056 211 1120 ctitlimue
243 1053 335 1115 illine
370 1053 619 1128 necessitudinis,
661 1073 742 1137 queo
771 1056 801 1115 ei
831 1079 901 1119 curn
934 1057 1070 1121 Ecclesia

55 1139 248 1216 intercedit,
282 1146 414 1225 suaeque
436 1161 510 1218 erga
532 1159 592 1201 nos
613 1141 786 1200 innnensue
807 1142 975 1203 charitatis
998 1167 1069 1205 cer·
1184 1194 1187 1200 .

58 1239 128 1289 tum
145 1223 275 1310 aliquod
297 1227 419 1304 lignum
442 1225 538 1297 dare,
561 1226 643 1284 tanti
662 1224 802 1303 mysterii
824 1228 1069 1304 divinitatem7)
1152 1244 1155 1248 '

55 1313 119 1373 ltec
138 1312 335 1395 potissimum
357 1309 473 1384 muris,
505 1321 536 1372 et
558 1304 698 1370 feminae
719 1313 824 1377 sancta
844 1314 1068 1392 conjunctione

55 1396 244 1459 declaravit.
264 1395 348 1481 quod
372 1395 501 1480 quidem
528 1395 685 1478 aptissime
714 1389 831 1455 suctum
854 1397 934 1469 elle,
967 1400 1070 1479 intel·
1097 1442 1103 1457 .

10 1546 13 1557 ‚
56 1483 120 1559 ligi
141 1503 184 1543 ex
207 1503 246 1542 eo
268 1480 385 1564 potest,
415 1472 501 1566 quo'd
528 1500 570 1540 ex
593 1480 741 1541 omnibus
763 1480 911 1543 humenis
932 1485 1068 1547 necessi·

57 1568 176 1629 tutilcue
192 1563 221 1642 8)
243 1568 332 1627 nullu
354 1567 438 1628 inter
457 1571 490 1628 se
510 1565 661 1626 homines
682 1565 801 1642 magis,
835 1588 930 1651 quarn
953 1568 1070 1631 Matri-

56 1654 163 1715 monii
186 1653 349 1713 vinculum
371 1651 574 1728 constringit,
609 1651 812 1734 maximaque
842 1655 927 1714 inter
951 1658 983 1716 se
1006 1656 1069 1727 vir,

56 1750 89 1799 et
111 1758 194 1799 uxot·
216 1734 388 1811 charitate,
423 1747 454 1796 et
477 1737 699 1797 benevolentia
732 1735 873 1797 devincti
903 1744 985 1801 lunt.
1021 1751 1069 1800 ut-

55 1843 118 1909 que
140 1821 258 1883 idcirco
280 1824 328 1894 fit,
353 1815 592 1905 utsrequenter
615 1822 913 1903 ttrcraetttteraou)
936 1826 1079 1907 nuptia-.
1115 1846 1123 1853 ·
1169 1848 1172 1853 ·
1253 1820 1255 1824 Α

54 1930 126 1970 rum
160 1908 368 1969 similitudine
404 1904 549 1967 divinant
579 1903 827 1981 tranacta-itti,
862 1922 894 1971 et
917 1907 1070 1973 Ecclesiae

53 1993 296 2079 copulationem
318 1992 413 2053 nobie
434 2003 508 2053 ento
532 1993 643 2053 oculus
666 2003 860 2075 proponant.
880 1998 913 2071 t)

54 2156 140 2243 [Qu.
162 2166 214 2230 15.
259 2155 433 2240 Quomodo
455 2156 726 2221 Matrimonium
752 2157 797 2245 est
818 2182 938 2224 verum
959 2182 1071 2225 enan-

86 2243 92 2251 ’
255 2242 393 2329 galieno
413 2241 503 2328 legio
523 2240 835 2327 sacrornentumP]

115 2372 205 2439 *lem
227 2377 323 2438 vero*
343 2368 588 2438 Matrimonium
610 2378 835 2437 lucrementum
857 2375 936 2453 effe,
957 2374 1136 2445 Koile-nx.
1149 2404 1186 2450 ιε,

54 2464 117 2539 fia,
138 2458 285 2548 Apolloli
307 2462 495 2522 auctoritate
518 2462 723 2539 confirmate,
743 2470 875 2534 certum,
895 2475 927 2522 et
949 2463 1069 2547 explo·
1141 2460 1144 2465 ’

57 2553 165 2611 retunt
193 2552 256 2609 l'ern
283 2568 316 2607 er
349 2548 473 2606 imbuit:
505 2547 549 2606 ita
580 2546 668 2606 enim
699 2544 737 2606 ud
759 2542 914 2629 Ephesios
946 2546 1067 2609 scribit:
1159 2576 1162 2589 ·

56 2638 102 2711 w)
124 2626 167 2697 V
162 2629 209 2694 in·
239 2569 361 2693 (sistent
390 2629 540 2713 diligere
570 2649 695 2691 uxoreo
714 2625 821 2716 sirac,
855 2639 896 2692 at
925 2652 981 2693 cor
1007 2651 1070 2693 ora

53 2712 134 2803 sua.
182 2714 254 2798 Qni
274 2711 378 2801 snam
400 2734 541 2776 uxorem
562 2710 706 2796 diligit,
737 2710 773 2795 fe
797 2710 912 2799 ipsam
933 2714 971 2777 di
988 2713 1069 2800 igit.

56 2796 171 2867 Nemo
200 2798 293 2863 enim
327 2819 490 2883 nmquam
517 2816 656 2860 carnem
679 2799 788 2883 snam
818 2796 895 2861 odio
923 2796 1069 2861 lrabnit:

55 2882 123 2967 (ed
138 2882 274 2961 nutrit,
304 2893 337 2945 et
351 2880 451 2968 fovet
481 2904 578 2959 eant,
601 2878 697 2964 stant
718 2891 752 2945 et
775 2880 926 2968 Christus
947 2880 1069 2946 Eccless

46 2968 161 3055 fiam:
181 2968 266 3055 quio
286 2964 438 3030 membra
460 2964 581 3051 siunins
602 2968 755 3052 corporis
776 2966 866 3048 einr,
901 2965 943 3028 de
964 2987 1074 3030 carne

55 3054 144 3140 ejuc,
165 3064 199 3117 et
220 3051 262 3114 de
276 3049 403 3139 affilas
419 3049 503 3135 ejnn
536 3050 683 3134 Propter
704 3050 766 3117 stoc
788 3048 959 3137 relinquet
972 3050 1069 3112 ltomo

52 3148 206 3224 patrem,
225 3146 258 3198 et
272 3146 421 3200 matrem
443 3133 553 3218 laam,
575 3144 608 3196 et
623 3130 824 3198 adhaerebit
844 3134 947 3201 uxori
959 3134 1070 3221 sicae.-
1161 3168 1167 3183 ·

56 3232 91 3284 et
114 3231 218 3285 erant
232 3218 298 3282 dno
317 3220 353 3282 in
378 3240 580 3282 carneuna.
625 3219 890 3284 Sacramentum
910 3218 971 3281 ltoc
993 3241 1070 3280 nto-

54 3328 169 3391 gnnm
190 3304 234 3389 est
245 3351 252 3382 ,
275 3324 337 3387 ego
359 3313 477 3366 autem
500 3302 575 3366 cliro
598 3304 635 3365 in
657 3304 805 3387 Christo,
832 3313 864 3366 et
888 3303 925 3365 in
948 3302 1033 3366 Eros
1051 3338 1070 3351 -
1112 3314 1117 3321 '

49 3388 120 3477 fia.
157 3389 234 3453 Noni
257 3388 342 3474 quod
367 3390 481 3473 inquit,
507 3390 745 3456 Sacramentum
764 3391 825 3452 hoc
844 3411 992 3468 magnum
1012 3389 1070 3463 ell3

61 3476 185 3538 nemini
207 3477 335 3536 dubium
356 3472 418 3535 else
431 3473 531 3548 debet,
553 3474 590 3534 ud
604 3474 847 3536 lilntrimoniunt
866 3470 1071 3537 reserendutn

59 3560 141 3625 else:
158 3561 242 3650 quod
254 3563 375 3624 scilicet
388 3561 462 3635 viri,
485 3561 671 3624 etruulierie
686 3561 878 3643 conjunctio,
890 3559 975 3641 cujus
985 3556 1072 3620 Deus

91 3858 123 3924 7)
140 3856 303 3925 (lignitatem
333 3851 415 3910 intr.
438 3883 474 3895 ·-
515 3857 545 3922 8)
559 3853 804 3909 multitudinibus
823 3856 888 3909 Ven.

94 3978 116 4044 t)
137 3966 212 4040 Aug.
230 3971 264 4025 de
282 3971 358 4026 bono
375 3977 485 4044 conjug.
503 3972 585 4037 (224.
603 3976 736 4041 (p.246.);
762 3974 795 4026 de
814 3987 891 4041 nupt.
910 3987 938 4026 et
955 3989 1073 4039 concup.

94 4048 177 4105 cat·
196 4044 314 4110 (etit)
332 4073 368 4087 ··-
416 4049 445 4108 u)
467 4046 537 4112 ssnh.
556 4055 582 4106 5.
603 4064 631 4105 n
649 4047 705 4113 tuq.
752 4046 1072 4109 intronuntient.
1147 4076 1151 4085 ι

94 4119 184 4184 Apoc.
202 4121 247 4175 19.
261 4135 283 4171 t.
302 4144 338 4155 —
374 4121 402 4183 u)
422 4118 464 4168 lle
482 4135 535 4185 que
553 4120 608 4184 jem
627 4124 792 4170 vaticinetur
809 4114 844 4169 est
863 4117 968 4170 Adam:
987 4116 1075 4169 Couc.

95 4187 176 4241 Trid.
195 4184 263 4238 neti.
280 4193 324 4247 21.
351 4193 413 4240 init.
431 4188 547 4243 Tertull.
567 4191 601 4241 tle
628 4195 720 4241 uultui
747 4188 778 4242 C.
793 4197 836 4249 11.
856 4188 893 4255 (p.
904 4189 977 4253 93⁸2.)
999 4188 1075 4239 iliur.

96 4275 197 4311 comm.
217 4260 245 4308 tn
264 4256 334 4325 Epir.
352 4265 379 4324 5,
395 4275 432 4315 ³2.
456 4260 577 4326 (tt-660.)
596 4258 668 4330 Aug.
687 4261 721 4313 de
739 4260 809 4317 Gen.
834 4261 868 4312 ud
889 4261 941 4313 litt.
961 4259 1011 4320 ΙΧ,
1031 4265 1075 4320 19.

96 4332 218 4399 (tt-192)
237 4357 272 4366 -
309 4333 346 4396 n)
365 4330 437 4400 Eph.
455 4338 482 4396 5,
498 4349 527 4388 uo
538 4360 550 4369 -
562 4349 597 4389 or.
