<?xml version="1.0" encoding="UTF-8"?>
<!DOCTYPE html PUBLIC "-//W3C//DTD XHTML 1.0 Transitional//EN"
    "http://www.w3.org/TR/xhtml1/DTD/xhtml1-transitional.dtd">
<html xmlns="http://www.w3.org/1999/xhtml" xml:lang="en" lang="en">
 <head>
  <title>
</title>
<meta http-equiv="Content-Type" content="text/html;charset=utf-8" />
  <meta name='ocr-system' content='tesseract 3.04.00' />
  <meta name='ocr-capabilities' content='ocr_page ocr_carea ocr_par ocr_line ocrx_word'/>
</head>
<body>
  <div class='ocr_page' id='page_1' title='image "./librisymbolicie01stregoog/librisymbolicie01stregoog_0307.png"; bbox 0 0 2542 4898; ppageno 0'>
   <div class='ocr_carea' id='block_1_1' title="bbox 219 600 1110 742">
    <p class='ocr_par' dir='ltr' id='par_1_1' title="bbox 219 600 1110 742">
     <span class='ocr_line' id='line_1_1' title="bbox 219 600 1110 742; baseline -0.004 -17"><span class='ocrx_word' id='word_1_1' title='bbox 219 610 295 726; x_wconf 68' lang='lat' dir='ltr'>s22</span> <span class='ocrx_word' id='word_1_2' title='bbox 365 640 513 717; x_wconf 86' lang='lat' dir='ltr'>Cetech.</span> <span class='ocrx_word' id='word_1_3' title='bbox 537 645 646 725; x_wconf 81' lang='lat' dir='ltr'>nom.</span> <span class='ocrx_word' id='word_1_4' title='bbox 673 600 790 719; x_wconf 69' lang='lat' dir='ltr'>¹P.1.</span> <span class='ocrx_word' id='word_1_5' title='bbox 838 644 897 719; x_wconf 84' lang='lat' dir='ltr'>De</span> <span class='ocrx_word' id='word_1_6' title='bbox 924 646 1110 742; x_wconf 81' lang='lat' dir='ltr'>Symbola.</span> 
     </span>
    </p>
   </div>
   <div class='ocr_carea' id='block_1_2' title="bbox 117 824 1238 1623">
    <p class='ocr_par' dir='ltr' id='par_1_2' title="bbox 219 824 1238 999">
     <span class='ocr_line' id='line_1_2' title="bbox 219 824 1238 917; baseline 0.006 -26"><span class='ocrx_word' id='word_1_7' title='bbox 219 825 303 915; x_wconf 85' lang='lat' dir='ltr'>[Qu.</span> <span class='ocrx_word' id='word_1_8' title='bbox 324 836 357 903; x_wconf 87' lang='grc'>6.</span> <span class='ocrx_word' id='word_1_9' title='bbox 393 824 508 915; x_wconf 59' lang='grc' dir='ltr'>Ι(ἔιψιε</span> <span class='ocrx_word' id='word_1_10' title='bbox 528 826 581 893; x_wconf 87' lang='lat' dir='ltr'>rei</span> <span class='ocrx_word' id='word_1_11' title='bbox 603 825 712 909; x_wconf 82' lang='lat' dir='ltr'>ceusu</span> <span class='ocrx_word' id='word_1_12' title='bbox 739 824 949 913; x_wconf 76' lang='lat' dir='ltr'>refirrreotio</span> <span class='ocrx_word' id='word_1_13' title='bbox 967 848 1153 917; x_wconf 82' lang='lat' dir='ltr'>corporum</span> <span class='ocrx_word' id='word_1_14' title='bbox 1177 832 1238 901; x_wconf 80' lang='lat' dir='ltr'>di-</span> 
     </span>
     <span class='ocr_line' id='line_1_3' title="bbox 403 911 830 999; baseline 0.005 -24"><span class='ocrx_word' id='word_1_15' title='bbox 403 912 538 976; x_wconf 75' lang='lat' dir='ltr'>oinitue</span> <span class='ocrx_word' id='word_1_16' title='bbox 561 911 606 998; x_wconf 75' lang='lat' dir='ltr'>eli</span> <span class='ocrx_word' id='word_1_17' title='bbox 627 912 830 999; x_wconf 73' lang='lat' dir='ltr'>institutas]</span> 
     </span>
    </p>

    <p class='ocr_par' dir='ltr' id='par_1_3' title="bbox 117 1020 1237 1199">
     <span class='ocr_line' id='line_1_4' title="bbox 117 1020 1234 1112; baseline 0.005 -25"><span class='ocrx_word' id='word_1_18' title='bbox 117 1022 142 1069; x_wconf 78' lang='lat'>⁸·</span> <span class='ocrx_word' id='word_1_19' title='bbox 300 1021 424 1089; x_wconf 75' lang='lat' dir='ltr'>Idcirco</span> <span class='ocrx_word' id='word_1_20' title='bbox 455 1028 595 1090; x_wconf 72' lang='lat' dir='ltr'>*eutem*</span> <span class='ocrx_word' id='word_1_21' title='bbox 623 1048 756 1112; x_wconf 83' lang='lat' dir='ltr'>corpore</span> <span class='ocrx_word' id='word_1_22' title='bbox 778 1020 948 1088; x_wconf 75' lang='lat' dir='ltr'>excitanda</span> <span class='ocrx_word' id='word_1_23' title='bbox 966 1020 1030 1087; x_wconf 87' lang='lat' dir='ltr'>esse</span> <span class='ocrx_word' id='word_1_24' title='bbox 1053 1023 1234 1106; x_wconf 73' lang='lat' dir='ltr'>docuimus,</span> 
     </span>
     <span class='ocr_line' id='line_1_5' title="bbox 217 1106 1237 1199; baseline 0.01 -32"><span class='ocrx_word' id='word_1_25' title='bbox 217 1112 252 1188; x_wconf 79' lang='lat'>5)</span> <span class='ocrx_word' id='word_1_26' title='bbox 266 1118 307 1171; x_wconf 93' lang='lat' dir='ltr'>ut</span> <span class='ocrx_word' id='word_1_27' title='bbox 335 1106 470 1189; x_wconf 70' lang='lat' dir='ltr'>referat</span> <span class='ocrx_word' id='word_1_28' title='bbox 504 1110 740 1197; x_wconf 70' lang='lat' dir='ltr'>unusquisque</span> <span class='ocrx_word' id='word_1_29' title='bbox 760 1106 908 1196; x_wconf 69' lang='lat' dir='ltr'>propria</span> <span class='ocrx_word' id='word_1_30' title='bbox 930 1108 1101 1195; x_wconf 78' lang='lat' dir='ltr'>corporis,</span> <span class='ocrx_word' id='word_1_31' title='bbox 1126 1124 1237 1199; x_wconf 84' lang='lat' dir='ltr'>prout</span> 
     </span>
    </p>

    <p class='ocr_par' dir='ltr' id='par_1_4' title="bbox 121 1190 1238 1623">
     <span class='ocr_line' id='line_1_6' title="bbox 121 1190 1238 1282; baseline 0.004 -24"><span class='ocrx_word' id='word_1_32' title='bbox 121 1258 125 1267; x_wconf 83' lang='grc'><strong>,</strong></span> <span class='ocrx_word' id='word_1_33' title='bbox 214 1190 336 1281; x_wconf 79' lang='lat' dir='ltr'>geffit,</span> <span class='ocrx_word' id='word_1_34' title='bbox 354 1193 430 1282; x_wconf 79' lang='lat' dir='ltr'>five</span> <span class='ocrx_word' id='word_1_35' title='bbox 452 1192 594 1274; x_wconf 85' lang='lat' dir='ltr'>bonum,</span> <span class='ocrx_word' id='word_1_36' title='bbox 631 1194 702 1279; x_wconf 77' lang='lat' dir='ltr'>five</span> <span class='ocrx_word' id='word_1_37' title='bbox 732 1192 876 1259; x_wconf 87' lang='lat' dir='ltr'>mosum.</span> <span class='ocrx_word' id='word_1_38' title='bbox 924 1192 1101 1261; x_wconf 82' lang='lat' dir='ltr'><strong>Hominem</strong></span> <span class='ocrx_word' id='word_1_39' title='bbox 1120 1198 1238 1277; x_wconf 78' lang='lat' dir='ltr'>,igitur</span> 
     </span>
     <span class='ocr_line' id='line_1_7' title="bbox 217 1277 1236 1366; baseline 0.006 -26"><span class='ocrx_word' id='word_1_40' title='bbox 217 1302 260 1342; x_wconf 87' lang='lat' dir='ltr'>ex</span> <span class='ocrx_word' id='word_1_41' title='bbox 281 1282 351 1364; x_wconf 85' lang='lat' dir='ltr'>ipso</span> <span class='ocrx_word' id='word_1_42' title='bbox 379 1303 534 1366; x_wconf 86' lang='lat' dir='ltr'>corpore,</span> <span class='ocrx_word' id='word_1_43' title='bbox 567 1282 652 1362; x_wconf 82' lang='lat' dir='ltr'>cujus</span> <span class='ocrx_word' id='word_1_44' title='bbox 676 1302 773 1366; x_wconf 82' lang='lat' dir='ltr'>opere</span> <span class='ocrx_word' id='word_1_45' title='bbox 805 1281 856 1343; x_wconf 92' lang='lat' dir='ltr'>vel</span> <span class='ocrx_word' id='word_1_46' title='bbox 877 1277 968 1355; x_wconf 90' lang='lat' dir='ltr'>Deo,</span> <span class='ocrx_word' id='word_1_47' title='bbox 997 1282 1053 1343; x_wconf 86' lang='lat' dir='ltr'>vel</span> <span class='ocrx_word' id='word_1_48' title='bbox 1072 1280 1236 1346; x_wconf 78' lang='lat' dir='ltr'>Daemoni</span> 
     </span>
     <span class='ocr_line' id='line_1_8' title="bbox 215 1363 1235 1454; baseline 0.007 -28"><span class='ocrx_word' id='word_1_49' title='bbox 215 1363 372 1440; x_wconf 75' lang='lat' dir='ltr'>servivit,</span> <span class='ocrx_word' id='word_1_50' title='bbox 409 1370 574 1448; x_wconf 73' lang='lat' dir='ltr'>resurgere</span> <span class='ocrx_word' id='word_1_51' title='bbox 604 1378 751 1453; x_wconf 77' lang='lat' dir='ltr'>oportet,</span> <span class='ocrx_word' id='word_1_52' title='bbox 784 1376 817 1427; x_wconf 87' lang='lat' dir='ltr'>ut</span> <span class='ocrx_word' id='word_1_53' title='bbox 846 1386 917 1428; x_wconf 89' lang='lat' dir='ltr'>cum</span> <span class='ocrx_word' id='word_1_54' title='bbox 954 1365 1069 1429; x_wconf 88' lang='lat' dir='ltr'>eodem</span> <span class='ocrx_word' id='word_1_55' title='bbox 1097 1388 1235 1454; x_wconf 88' lang='lat' dir='ltr'>corpore</span> 
     </span>
     <span class='ocr_line' id='line_1_9' title="bbox 216 1452 1234 1541; baseline 0.006 -30"><span class='ocrx_word' id='word_1_56' title='bbox 216 1452 377 1535; x_wconf 86' lang='lat' dir='ltr'>triumphi</span> <span class='ocrx_word' id='word_1_57' title='bbox 401 1473 551 1527; x_wconf 77' lang='lat' dir='ltr'>coronae,</span> <span class='ocrx_word' id='word_1_58' title='bbox 573 1464 604 1515; x_wconf 88' lang='lat' dir='ltr'>et</span> <span class='ocrx_word' id='word_1_59' title='bbox 621 1453 762 1539; x_wconf 79' lang='lat' dir='ltr'>preemie</span> <span class='ocrx_word' id='word_1_60' title='bbox 784 1456 1003 1537; x_wconf 84' lang='lat' dir='ltr'>consequetur,</span> <span class='ocrx_word' id='word_1_61' title='bbox 1022 1463 1078 1515; x_wconf 87' lang='lat' dir='ltr'>eut</span> <span class='ocrx_word' id='word_1_62' title='bbox 1098 1475 1234 1541; x_wconf 81' lang='lat' dir='ltr'>poenes,</span> 
     </span>
     <span class='ocr_line' id='line_1_10' title="bbox 215 1531 1039 1623; baseline 0.008 -25"><span class='ocrx_word' id='word_1_63' title='bbox 215 1547 249 1598; x_wconf 88' lang='lat' dir='ltr'>et</span> <span class='ocrx_word' id='word_1_64' title='bbox 272 1537 426 1623; x_wconf 78' lang='lat' dir='ltr'>supplicia</span> <span class='ocrx_word' id='word_1_65' title='bbox 446 1539 626 1602; x_wconf 85' lang='lat' dir='ltr'>miserrime</span> <span class='ocrx_word' id='word_1_66' title='bbox 647 1536 693 1618; x_wconf 88' lang='lat'>1⁰)</span> <span class='ocrx_word' id='word_1_67' title='bbox 713 1531 862 1623; x_wconf 79' lang='lat' dir='ltr'>persecet.</span> <span class='ocrx_word' id='word_1_68' title='bbox 882 1539 925 1620; x_wconf 73' lang='lat' dir='ltr'>-l-</span> <span class='ocrx_word' id='word_1_69' title='bbox 946 1548 952 1565; x_wconf 87' lang='lat'><em>&#39;</em></span> <span class='ocrx_word' id='word_1_70' title='bbox 1035 1598 1039 1605; x_wconf 91' lang='grc'><em>,</em></span> 
     </span>
    </p>
   </div>
   <div class='ocr_carea' id='block_1_3' title="bbox 216 1672 1234 1845">
    <p class='ocr_par' dir='ltr' id='par_1_5' title="bbox 216 1672 1234 1845">
     <span class='ocr_line' id='line_1_11' title="bbox 216 1672 1234 1762; baseline 0.002 -22"><span class='ocrx_word' id='word_1_71' title='bbox 216 1672 298 1762; x_wconf 89' lang='lat' dir='ltr'>[Qu.</span> <span class='ocrx_word' id='word_1_72' title='bbox 317 1686 362 1749; x_wconf 65' lang='lat'>7⁴·</span> <span class='ocrx_word' id='word_1_73' title='bbox 394 1673 454 1742; x_wconf 87' lang='lat' dir='ltr'>An</span> <span class='ocrx_word' id='word_1_74' title='bbox 476 1674 594 1761; x_wconf 77' lang='lat' dir='ltr'>igitur</span> <span class='ocrx_word' id='word_1_75' title='bbox 606 1684 975 1762; x_wconf 85' lang='lat' dir='ltr'>corporacontractam</span> <span class='ocrx_word' id='word_1_76' title='bbox 994 1672 1032 1757; x_wconf 75' lang='lat' dir='ltr'>in</span> <span class='ocrx_word' id='word_1_77' title='bbox 1051 1673 1118 1741; x_wconf 74' lang='lat' dir='ltr'>lino</span> <span class='ocrx_word' id='word_1_78' title='bbox 1136 1698 1234 1742; x_wconf 88' lang='lat' dir='ltr'>mor-</span> 
     </span>
     <span class='ocr_line' id='line_1_12' title="bbox 392 1758 1179 1845; baseline 0.003 -21"><span class='ocrx_word' id='word_1_79' title='bbox 392 1758 461 1824; x_wconf 85' lang='lat' dir='ltr'>tali</span> <span class='ocrx_word' id='word_1_80' title='bbox 478 1765 554 1825; x_wconf 80' lang='lat' dir='ltr'>vite</span> <span class='ocrx_word' id='word_1_81' title='bbox 568 1758 827 1845; x_wconf 67' lang='lat' dir='ltr'>deformitatem</span> <span class='ocrx_word' id='word_1_82' title='bbox 844 1760 953 1825; x_wconf 84' lang='lat' dir='ltr'>etiam</span> <span class='ocrx_word' id='word_1_83' title='bbox 975 1758 1179 1842; x_wconf 78' lang='lat' dir='ltr'>resument?</span> 
     </span>
    </p>
   </div>
   <div class='ocr_carea' id='block_1_4' title="bbox 116 1872 1233 3925">
    <p class='ocr_par' dir='ltr' id='par_1_6' title="bbox 116 1872 1233 2302">
     <span class='ocr_line' id='line_1_13' title="bbox 116 1872 1232 1960; baseline 0.005 -26"><span class='ocrx_word' id='word_1_84' title='bbox 116 1886 142 1934; x_wconf 80' lang='lat'>⁹·</span> <span class='ocrx_word' id='word_1_85' title='bbox 173 1878 208 1929; x_wconf 68' lang='grc' dir='ltr'>Χ·</span> <span class='ocrx_word' id='word_1_86' title='bbox 303 1872 374 1937; x_wconf 87' lang='lat' dir='ltr'>Non</span> <span class='ocrx_word' id='word_1_87' title='bbox 409 1875 545 1954; x_wconf 84' lang='lat' dir='ltr'>tentum]</span> <span class='ocrx_word' id='word_1_88' title='bbox 573 1873 700 1960; x_wconf 83' lang='lat' dir='ltr'>*Neque</span> <span class='ocrx_word' id='word_1_89' title='bbox 722 1876 819 1937; x_wconf 78' lang='lat' dir='ltr'>vero*</span> <span class='ocrx_word' id='word_1_90' title='bbox 850 1894 967 1960; x_wconf 74' lang='lat' dir='ltr'>corpus</span> <span class='ocrx_word' id='word_1_91' title='bbox 988 1876 1146 1938; x_wconf 77' lang='lat' dir='ltr'>*tentum*</span> <span class='ocrx_word' id='word_1_92' title='bbox 1174 1896 1232 1941; x_wconf 82' lang='lat' dir='ltr'>re-</span> 
     </span>
     <span class='ocr_line' id='line_1_14' title="bbox 213 1958 1232 2047; baseline 0.001 -24"><span class='ocrx_word' id='word_1_93' title='bbox 213 1960 342 2042; x_wconf 78' lang='lat' dir='ltr'>surget,</span> <span class='ocrx_word' id='word_1_94' title='bbox 378 1960 431 2023; x_wconf 84' lang='lat' dir='ltr'>sed</span> <span class='ocrx_word' id='word_1_95' title='bbox 464 1961 551 2047; x_wconf 76' lang='lat' dir='ltr'>quid(</span> <span class='ocrx_word' id='word_1_96' title='bbox 565 1958 617 2022; x_wconf 91' lang='lat' dir='ltr'>uid</span> <span class='ocrx_word' id='word_1_97' title='bbox 641 1960 679 2022; x_wconf 85' lang='lat' dir='ltr'>ed</span> <span class='ocrx_word' id='word_1_98' title='bbox 701 1960 793 2023; x_wconf 80' lang='lat' dir='ltr'>illiue</span> <span class='ocrx_word' id='word_1_99' title='bbox 814 1970 946 2023; x_wconf 84' lang='lat' dir='ltr'>neturee</span> <span class='ocrx_word' id='word_1_100' title='bbox 968 1962 1156 2038; x_wconf 79' lang='lat' dir='ltr'>veritatem,</span> <span class='ocrx_word' id='word_1_101' title='bbox 1176 1962 1232 2024; x_wconf 84' lang='lat' dir='ltr'>itt-</span> 
     </span>
     <span class='ocr_line' id='line_1_15' title="bbox 213 1984 1233 2191; baseline 0.005 -85"><span class='ocrx_word' id='word_1_102' title='bbox 213 2066 275 2191; x_wconf 87' lang='lat' dir='ltr'>que</span> <span class='ocrx_word' id='word_1_103' title='bbox 303 2045 341 2108; x_wconf 81' lang='lat' dir='ltr'>ed</span> <span class='ocrx_word' id='word_1_104' title='bbox 370 2046 514 2110; x_wconf 78' lang='lat' dir='ltr'>hominis</span> <span class='ocrx_word' id='word_1_105' title='bbox 544 1984 657 2119; x_wconf 83' lang='lat' dir='ltr'>decue,</span> <span class='ocrx_word' id='word_1_106' title='bbox 688 2055 723 2109; x_wconf 90' lang='lat' dir='ltr'>et</span> <span class='ocrx_word' id='word_1_107' title='bbox 744 2059 966 2109; x_wconf 80' lang='lat' dir='ltr'>ornamentum</span> <span class='ocrx_word' id='word_1_108' title='bbox 988 2046 1145 2131; x_wconf 84' lang='lat' dir='ltr'>pertinet,</span> <span class='ocrx_word' id='word_1_109' title='bbox 1175 2069 1233 2111; x_wconf 87' lang='lat' dir='ltr'>re-</span> 
     </span>
     <span class='ocr_line' id='line_1_16' title="bbox 211 2128 1230 2210; baseline 0.003 -18"><span class='ocrx_word' id='word_1_110' title='bbox 211 2130 400 2194; x_wconf 88' lang='lat' dir='ltr'>sitocndum</span> <span class='ocrx_word' id='word_1_111' title='bbox 422 2130 472 2194; x_wconf 81' lang='lat' dir='ltr'>esi.</span> <span class='ocrx_word' id='word_1_112' title='bbox 516 2130 713 2194; x_wconf 77' lang='lat' dir='ltr'>Praeclarum</span> <span class='ocrx_word' id='word_1_113' title='bbox 737 2152 773 2192; x_wconf 85' lang='lat' dir='ltr'>ee</span> <span class='ocrx_word' id='word_1_114' title='bbox 803 2132 842 2193; x_wconf 92' lang='lat' dir='ltr'>de</span> <span class='ocrx_word' id='word_1_115' title='bbox 870 2150 904 2192; x_wconf 88' lang='lat' dir='ltr'>re</span> <span class='ocrx_word' id='word_1_116' title='bbox 938 2132 1034 2193; x_wconf 79' lang='lat' dir='ltr'>sancti</span> <span class='ocrx_word' id='word_1_117' title='bbox 1056 2128 1230 2210; x_wconf 84' lang='lat' dir='ltr'>Auguslini</span> 
     </span>
     <span class='ocr_line' id='line_1_17' title="bbox 211 2216 1229 2302; baseline 0.004 -25"><span class='ocrx_word' id='word_1_118' title='bbox 211 2217 428 2279; x_wconf 86' lang='lat' dir='ltr'>tessimonium</span> <span class='ocrx_word' id='word_1_119' title='bbox 450 2219 611 2287; x_wconf 77' lang='lat' dir='ltr'>legimus:</span> <span class='ocrx_word' id='word_1_120' title='bbox 635 2220 665 2290; x_wconf 52' lang='grc' dir='ltr'>ἲ)</span> <span class='ocrx_word' id='word_1_121' title='bbox 694 2216 810 2292; x_wconf 83' lang='lat' dir='ltr'>„Nihil</span> <span class='ocrx_word' id='word_1_122' title='bbox 831 2228 906 2277; x_wconf 89' lang='lat' dir='ltr'>tunc</span> <span class='ocrx_word' id='word_1_123' title='bbox 928 2217 1023 2292; x_wconf 87' lang='lat' dir='ltr'>vitii,</span> <span class='ocrx_word' id='word_1_124' title='bbox 1045 2219 1168 2302; x_wconf 87' lang='lat' dir='ltr'>inquit,</span> <span class='ocrx_word' id='word_1_125' title='bbox 1192 2220 1229 2282; x_wconf 89' lang='lat' dir='ltr'>iu</span> 
     </span>
    </p>

    <p class='ocr_par' dir='ltr' id='par_1_7' title="bbox 139 2296 1229 2729">
     <span class='ocr_line' id='line_1_18' title="bbox 139 2296 1229 2389; baseline 0.003 -27"><span class='ocrx_word' id='word_1_126' title='bbox 139 2296 147 2307; x_wconf 49' lang='lat'>⁸</span> <span class='ocrx_word' id='word_1_127' title='bbox 211 2296 400 2384; x_wconf 83' lang='lat' dir='ltr'>corporibus</span> <span class='ocrx_word' id='word_1_128' title='bbox 422 2305 560 2365; x_wconf 85' lang='lat' dir='ltr'>exsiliet:</span> <span class='ocrx_word' id='word_1_129' title='bbox 584 2304 605 2363; x_wconf 84' lang='lat' dir='ltr'>st</span> <span class='ocrx_word' id='word_1_130' title='bbox 626 2304 727 2389; x_wconf 79' lang='lat' dir='ltr'>aliqui</span> <span class='ocrx_word' id='word_1_131' title='bbox 747 2304 821 2388; x_wconf 83' lang='lat' dir='ltr'>plus</span> <span class='ocrx_word' id='word_1_132' title='bbox 844 2303 1040 2386; x_wconf 81' lang='lat' dir='ltr'>pinguedine</span> <span class='ocrx_word' id='word_1_133' title='bbox 1062 2303 1164 2376; x_wconf 81' lang='lat' dir='ltr'>obest,</span> <span class='ocrx_word' id='word_1_134' title='bbox 1195 2315 1229 2365; x_wconf 90' lang='lat' dir='ltr'>et</span> 
     </span>
     <span class='ocr_line' id='line_1_19' title="bbox 211 2386 1227 2472; baseline 0.001 -25"><span class='ocrx_word' id='word_1_135' title='bbox 211 2387 303 2449; x_wconf 82' lang='lat' dir='ltr'>cressi</span> <span class='ocrx_word' id='word_1_136' title='bbox 328 2389 522 2464; x_wconf 79' lang='lat' dir='ltr'>exstiterint,</span> <span class='ocrx_word' id='word_1_137' title='bbox 544 2411 611 2451; x_wconf 91' lang='lat' dir='ltr'>non</span> <span class='ocrx_word' id='word_1_138' title='bbox 635 2400 733 2449; x_wconf 85' lang='lat' dir='ltr'>totum</span> <span class='ocrx_word' id='word_1_139' title='bbox 752 2388 898 2472; x_wconf 84' lang='lat' dir='ltr'>corporis</span> <span class='ocrx_word' id='word_1_140' title='bbox 921 2388 1040 2449; x_wconf 89' lang='lat' dir='ltr'>molem</span> <span class='ocrx_word' id='word_1_141' title='bbox 1058 2386 1227 2463; x_wconf 77' lang='lat' dir='ltr'>aisement,</span> 
     </span>
     <span class='ocr_line' id='line_1_20' title="bbox 210 2472 1228 2559; baseline 0.001 -26"><span class='ocrx_word' id='word_1_142' title='bbox 210 2472 281 2547; x_wconf 83' lang='lat' dir='ltr'>sed,</span> <span class='ocrx_word' id='word_1_143' title='bbox 321 2473 403 2559; x_wconf 91' lang='lat' dir='ltr'>quod</span> <span class='ocrx_word' id='word_1_144' title='bbox 445 2475 536 2536; x_wconf 79' lang='lat' dir='ltr'>islam</span> <span class='ocrx_word' id='word_1_145' title='bbox 583 2473 803 2536; x_wconf 76' lang='lat' dir='ltr'>liabitudinem</span> <span class='ocrx_word' id='word_1_146' title='bbox 842 2474 1023 2556; x_wconf 75' lang='lat' dir='ltr'>superabit,</span> <span class='ocrx_word' id='word_1_147' title='bbox 1059 2476 1228 2556; x_wconf 77' lang='lat' dir='ltr'>reputabi-</span> 
     </span>
     <span class='ocr_line' id='line_1_21' title="bbox 209 2557 1226 2644; baseline 0.002 -26"><span class='ocrx_word' id='word_1_148' title='bbox 209 2568 262 2619; x_wconf 87' lang='lat' dir='ltr'>tur</span> <span class='ocrx_word' id='word_1_149' title='bbox 283 2557 495 2643; x_wconf 80' lang='lat' dir='ltr'>supersluurrr;</span> <span class='ocrx_word' id='word_1_150' title='bbox 518 2570 550 2620; x_wconf 84' lang='lat' dir='ltr'>et</span> <span class='ocrx_word' id='word_1_151' title='bbox 572 2580 590 2620; x_wconf 92' lang='lat' dir='ltr'>e</span> <span class='ocrx_word' id='word_1_152' title='bbox 613 2558 751 2634; x_wconf 90' lang='lat' dir='ltr'>diverso,</span> <span class='ocrx_word' id='word_1_153' title='bbox 772 2579 986 2644; x_wconf 79' lang='lat' dir='ltr'>quaecumque</span> <span class='ocrx_word' id='word_1_154' title='bbox 1009 2559 1062 2619; x_wconf 89' lang='lat' dir='ltr'>vel</span> <span class='ocrx_word' id='word_1_155' title='bbox 1081 2562 1226 2634; x_wconf 82' lang='lat' dir='ltr'>morbus,</span> 
     </span>
     <span class='ocr_line' id='line_1_22' title="bbox 210 2641 1225 2729; baseline 0.004 -26"><span class='ocrx_word' id='word_1_156' title='bbox 210 2645 263 2704; x_wconf 87' lang='lat' dir='ltr'>vel</span> <span class='ocrx_word' id='word_1_157' title='bbox 282 2645 402 2705; x_wconf 88' lang='lat' dir='ltr'>senium</span> <span class='ocrx_word' id='word_1_158' title='bbox 417 2641 555 2706; x_wconf 78' lang='lat' dir='ltr'>confecit</span> <span class='ocrx_word' id='word_1_159' title='bbox 568 2646 601 2705; x_wconf 92' lang='lat' dir='ltr'>in</span> <span class='ocrx_word' id='word_1_160' title='bbox 617 2665 761 2726; x_wconf 85' lang='lat' dir='ltr'>corpore,</span> <span class='ocrx_word' id='word_1_161' title='bbox 784 2645 977 2729; x_wconf 81' lang='lat' dir='ltr'>reperebitur</span> <span class='ocrx_word' id='word_1_162' title='bbox 994 2665 1052 2727; x_wconf 84' lang='lat' dir='ltr'>per</span> <span class='ocrx_word' id='word_1_163' title='bbox 1066 2641 1225 2708; x_wconf 72' lang='lat' dir='ltr'>Christum</span> 
     </span>
    </p>

    <p class='ocr_par' dir='ltr' id='par_1_8' title="bbox 130 2715 1225 3242">
     <span class='ocr_line' id='line_1_23' title="bbox 130 2715 1224 2815; baseline 0.005 -28"><span class='ocrx_word' id='word_1_164' title='bbox 130 2715 137 2733; x_wconf 88' lang='grc'><strong><em>’</em></strong></span> <span class='ocrx_word' id='word_1_165' title='bbox 209 2729 328 2789; x_wconf 84' lang='lat' dir='ltr'>virtute</span> <span class='ocrx_word' id='word_1_166' title='bbox 353 2729 474 2803; x_wconf 87' lang='lat' dir='ltr'>divine,</span> <span class='ocrx_word' id='word_1_167' title='bbox 497 2742 548 2802; x_wconf 92' lang='lat' dir='ltr'>ut,</span> <span class='ocrx_word' id='word_1_168' title='bbox 581 2730 604 2789; x_wconf 93' lang='lat' dir='ltr'>si</span> <span class='ocrx_word' id='word_1_169' title='bbox 628 2730 728 2815; x_wconf 78' lang='lat' dir='ltr'>aliqui</span> <span class='ocrx_word' id='word_1_170' title='bbox 746 2741 880 2814; x_wconf 87' lang='lat' dir='ltr'>propter</span> <span class='ocrx_word' id='word_1_171' title='bbox 905 2750 1082 2790; x_wconf 82' lang='lat' dir='ltr'>maerorem</span> <span class='ocrx_word' id='word_1_172' title='bbox 1100 2726 1224 2792; x_wconf 87' lang='lat' dir='ltr'>fuerint</span> 
     </span>
     <span class='ocr_line' id='line_1_24' title="bbox 208 2814 1225 2900; baseline 0.003 -27"><span class='ocrx_word' id='word_1_173' title='bbox 208 2815 355 2893; x_wconf 76' lang='lat' dir='ltr'>graciles,</span> <span class='ocrx_word' id='word_1_174' title='bbox 389 2817 461 2900; x_wconf 85' lang='lat' dir='ltr'>quie</span> <span class='ocrx_word' id='word_1_175' title='bbox 485 2814 623 2876; x_wconf 82' lang='lat' dir='ltr'>Cirrislos</span> <span class='ocrx_word' id='word_1_176' title='bbox 652 2837 717 2877; x_wconf 93' lang='lat' dir='ltr'>non</span> <span class='ocrx_word' id='word_1_177' title='bbox 749 2815 852 2876; x_wconf 90' lang='lat' dir='ltr'>solum</span> <span class='ocrx_word' id='word_1_178' title='bbox 874 2816 968 2875; x_wconf 90' lang='lat' dir='ltr'>nobis</span> <span class='ocrx_word' id='word_1_179' title='bbox 989 2835 1105 2898; x_wconf 86' lang='lat' dir='ltr'>corpus</span> <span class='ocrx_word' id='word_1_180' title='bbox 1127 2837 1225 2899; x_wconf 84' lang='lat' dir='ltr'>repe·</span> 
     </span>
     <span class='ocr_line' id='line_1_25' title="bbox 208 2896 1224 2997; baseline 0.003 -38"><span class='ocrx_word' id='word_1_181' title='bbox 208 2900 308 2997; x_wconf 68' lang='lat' dir='ltr'>restit3</span> <span class='ocrx_word' id='word_1_182' title='bbox 344 2898 394 2961; x_wconf 89' lang='lat' dir='ltr'>sed</span> <span class='ocrx_word' id='word_1_183' title='bbox 426 2900 579 2986; x_wconf 89' lang='lat' dir='ltr'>quidquid</span> <span class='ocrx_word' id='word_1_184' title='bbox 606 2922 662 2984; x_wconf 88' lang='lat' dir='ltr'>per</span> <span class='ocrx_word' id='word_1_185' title='bbox 690 2898 848 2962; x_wconf 84' lang='lat' dir='ltr'>miseriem</span> <span class='ocrx_word' id='word_1_186' title='bbox 878 2899 973 2980; x_wconf 76' lang='lat' dir='ltr'>liujus</span> <span class='ocrx_word' id='word_1_187' title='bbox 1002 2901 1089 2960; x_wconf 82' lang='lat' dir='ltr'>vitoe</span> <span class='ocrx_word' id='word_1_188' title='bbox 1122 2896 1224 2963; x_wconf 88' lang='lat' dir='ltr'>suerit</span> 
     </span>
     <span class='ocr_line' id='line_1_26' title="bbox 208 2984 1222 3070; baseline 0.003 -24"><span class='ocrx_word' id='word_1_189' title='bbox 208 2986 302 3047; x_wconf 86' lang='lat' dir='ltr'>nobis</span> <span class='ocrx_word' id='word_1_190' title='bbox 331 2984 546 3070; x_wconf 84' lang='lat' dir='ltr'>edernptmn.&#39;&#39;</span> <span class='ocrx_word' id='word_1_191' title='bbox 588 2984 600 3046; x_wconf 97' lang='lat' dir='ltr'>l</span> <span class='ocrx_word' id='word_1_192' title='bbox 610 3000 670 3046; x_wconf 91' lang='lat' dir='ltr'>tem</span> <span class='ocrx_word' id='word_1_193' title='bbox 696 2986 761 3046; x_wconf 85' lang='lat' dir='ltr'>elio</span> <span class='ocrx_word' id='word_1_194' title='bbox 785 2987 945 3060; x_wconf 23' lang='lat'>1000242)</span> <span class='ocrx_word' id='word_1_195' title='bbox 967 2984 1061 3054; x_wconf 76' lang='lat' dir='ltr'>„Non</span> <span class='ocrx_word' id='word_1_196' title='bbox 1083 2990 1222 3048; x_wconf 85' lang='lat' dir='ltr'>resumet</span> 
     </span>
     <span class='ocr_line' id='line_1_27' title="bbox 207 3068 1220 3157; baseline 0.006 -29"><span class='ocrx_word' id='word_1_197' title='bbox 207 3068 309 3132; x_wconf 84' lang='lat' dir='ltr'>ltomo</span> <span class='ocrx_word' id='word_1_198' title='bbox 323 3072 476 3154; x_wconf 80' lang='lat' dir='ltr'>irapillos,</span> <span class='ocrx_word' id='word_1_199' title='bbox 499 3091 578 3157; x_wconf 89' lang='lat' dir='ltr'>quos</span> <span class='ocrx_word' id='word_1_200' title='bbox 600 3071 754 3133; x_wconf 82' lang='lat' dir='ltr'>lmhuerit.</span> <span class='ocrx_word' id='word_1_201' title='bbox 783 3070 832 3132; x_wconf 88' lang='lat' dir='ltr'>sed</span> <span class='ocrx_word' id='word_1_202' title='bbox 857 3090 937 3150; x_wconf 83' lang='lat' dir='ltr'>quos</span> <span class='ocrx_word' id='word_1_203' title='bbox 957 3070 1108 3139; x_wconf 85' lang='lat' dir='ltr'>decuerit,</span> <span class='ocrx_word' id='word_1_204' title='bbox 1130 3071 1220 3151; x_wconf 77' lang='lat' dir='ltr'>juxto</span> 
     </span>
     <span class='ocr_line' id='line_1_28' title="bbox 207 3148 1220 3242; baseline 0.003 -27"><span class='ocrx_word' id='word_1_205' title='bbox 207 3154 288 3218; x_wconf 90' lang='lat' dir='ltr'>illud</span> <span class='ocrx_word' id='word_1_206' title='bbox 305 3148 365 3234; x_wconf 75' lang='lat'>:¹*)</span> <span class='ocrx_word' id='word_1_207' title='bbox 379 3153 507 3218; x_wconf 76' lang='lat' dir='ltr'>Omnes</span> <span class='ocrx_word' id='word_1_208' title='bbox 522 3152 646 3239; x_wconf 80' lang='lat' dir='ltr'>capilli</span> <span class='ocrx_word' id='word_1_209' title='bbox 669 3152 797 3236; x_wconf 76' lang='lat' dir='ltr'>cupitis</span> <span class='ocrx_word' id='word_1_210' title='bbox 810 3154 911 3242; x_wconf 80' lang='lat' dir='ltr'>nestri</span> <span class='ocrx_word' id='word_1_211' title='bbox 932 3152 1220 3237; x_wconf 78' lang='lat' dir='ltr'>nzemerntisunt,</span> 
     </span>
    </p>

    <p class='ocr_par' dir='ltr' id='par_1_9' title="bbox 136 3239 1219 3667">
     <span class='ocr_line' id='line_1_29' title="bbox 136 3239 1219 3328; baseline -0.003 -25"><span class='ocrx_word' id='word_1_212' title='bbox 136 3248 182 3295; x_wconf 69' lang='grc' dir='ltr'>Χῖ·</span> <span class='ocrx_word' id='word_1_213' title='bbox 212 3242 265 3328; x_wconf 88' lang='lat' dir='ltr'>qui</span> <span class='ocrx_word' id='word_1_214' title='bbox 289 3240 456 3304; x_wconf 79' lang='lat' dir='ltr'>secundum</span> <span class='ocrx_word' id='word_1_215' title='bbox 477 3240 621 3301; x_wconf 81' lang='lat' dir='ltr'>divinem</span> <span class='ocrx_word' id='word_1_216' title='bbox 651 3243 838 3324; x_wconf 70' lang='lat' dir='ltr'>sepientiem</span> <span class='ocrx_word' id='word_1_217' title='bbox 867 3242 938 3303; x_wconf 89' lang='lat' dir='ltr'>sunt</span> <span class='ocrx_word' id='word_1_218' title='bbox 959 3239 1219 3323; x_wconf 55' lang='lat' dir='ltr'>reparandilw</span> 
     </span>
     <span class='ocr_line' id='line_1_30' title="bbox 203 3325 1219 3412; baseline 0 -25"><span class='ocrx_word' id='word_1_219' title='bbox 203 3326 242 3391; x_wconf 91' lang='lat' dir='ltr'>ln</span> <span class='ocrx_word' id='word_1_220' title='bbox 257 3327 372 3411; x_wconf 83' lang='lat' dir='ltr'>primis</span> <span class='ocrx_word' id='word_1_221' title='bbox 387 3347 475 3396; x_wconf 81' lang='lat' dir='ltr'>vero,</span> <span class='ocrx_word' id='word_1_222' title='bbox 497 3327 648 3412; x_wconf 81' lang='lat' dir='ltr'>quonium</span> <span class='ocrx_word' id='word_1_223' title='bbox 665 3327 803 3386; x_wconf 84' lang='lat' dir='ltr'>membre</span> <span class='ocrx_word' id='word_1_224' title='bbox 814 3325 852 3387; x_wconf 82' lang='lat' dir='ltr'>ed</span> <span class='ocrx_word' id='word_1_225' title='bbox 874 3327 1041 3387; x_wconf 75' lang='lat' dir='ltr'>veritatem</span> <span class='ocrx_word' id='word_1_226' title='bbox 1060 3326 1219 3391; x_wconf 77' lang='lat' dir='ltr'>humanae</span> 
     </span>
     <span class='ocr_line' id='line_1_31' title="bbox 204 3408 1217 3497; baseline 0.002 -23"><span class='ocrx_word' id='word_1_227' title='bbox 204 3425 335 3474; x_wconf 83' lang='lat' dir='ltr'>neturee</span> <span class='ocrx_word' id='word_1_228' title='bbox 351 3413 529 3497; x_wconf 85' lang='lat' dir='ltr'>pertinent,</span> <span class='ocrx_word' id='word_1_229' title='bbox 550 3412 639 3472; x_wconf 89' lang='lat' dir='ltr'>simul</span> <span class='ocrx_word' id='word_1_230' title='bbox 663 3412 859 3474; x_wconf 79' lang='lat' dir='ltr'>restituentur</span> <span class='ocrx_word' id='word_1_231' title='bbox 883 3412 1002 3472; x_wconf 79' lang='lat' dir='ltr'>onmia.</span> <span class='ocrx_word' id='word_1_232' title='bbox 1046 3408 1113 3490; x_wconf 89' lang='lat' dir='ltr'>Qui</span> <span class='ocrx_word' id='word_1_233' title='bbox 1127 3415 1217 3477; x_wconf 91' lang='lat' dir='ltr'>enim</span> 
     </span>
     <span class='ocr_line' id='line_1_32' title="bbox 203 3497 1217 3583; baseline 0.002 -24"><span class='ocrx_word' id='word_1_234' title='bbox 203 3499 318 3559; x_wconf 84' lang='lat' dir='ltr'>veleb</span> <span class='ocrx_word' id='word_1_235' title='bbox 341 3501 410 3583; x_wconf 88' lang='lat' dir='ltr'>ipso</span> <span class='ocrx_word' id='word_1_236' title='bbox 439 3509 510 3558; x_wconf 88' lang='lat' dir='ltr'>ortu</span> <span class='ocrx_word' id='word_1_237' title='bbox 541 3499 643 3558; x_wconf 79' lang='lat' dir='ltr'>oculis</span> <span class='ocrx_word' id='word_1_238' title='bbox 675 3498 760 3582; x_wconf 86' lang='lat' dir='ltr'>cepti</span> <span class='ocrx_word' id='word_1_239' title='bbox 795 3504 884 3570; x_wconf 91' lang='lat' dir='ltr'>s&#39;unt,</span> <span class='ocrx_word' id='word_1_240' title='bbox 920 3497 975 3558; x_wconf 89' lang='lat' dir='ltr'>vel</span> <span class='ocrx_word' id='word_1_241' title='bbox 1004 3497 1044 3556; x_wconf 86' lang='lat' dir='ltr'>ob</span> <span class='ocrx_word' id='word_1_242' title='bbox 1074 3497 1217 3582; x_wconf 74' lang='lat' dir='ltr'>aliquem</span> 
     </span>
     <span class='ocr_line' id='line_1_33' title="bbox 203 3582 1217 3667; baseline 0.001 -22"><span class='ocrx_word' id='word_1_243' title='bbox 203 3586 348 3646; x_wconf 87' lang='lat' dir='ltr'>nmrbum</span> <span class='ocrx_word' id='word_1_244' title='bbox 363 3584 483 3645; x_wconf 83' lang='lat' dir='ltr'>sumina</span> <span class='ocrx_word' id='word_1_245' title='bbox 496 3585 684 3657; x_wconf 80' lang='lat' dir='ltr'>ntiris&#39;crunt,</span> <span class='ocrx_word' id='word_1_246' title='bbox 708 3582 821 3656; x_wconf 82' lang='lat' dir='ltr'>claudi,</span> <span class='ocrx_word' id='word_1_247' title='bbox 845 3593 940 3667; x_wconf 82' lang='lat' dir='ltr'>etque</span> <span class='ocrx_word' id='word_1_248' title='bbox 952 3582 1085 3643; x_wconf 90' lang='lat' dir='ltr'>omnino</span> <span class='ocrx_word' id='word_1_249' title='bbox 1100 3587 1217 3659; x_wconf 71' lang='lat' dir='ltr'>rricmci,</span> 
     </span>
    </p>

    <p class='ocr_par' dir='ltr' id='par_1_10' title="bbox 202 3664 1217 3839">
     <span class='ocr_line' id='line_1_34' title="bbox 202 3664 1216 3755; baseline 0.001 -25"><span class='ocrx_word' id='word_1_250' title='bbox 202 3682 236 3731; x_wconf 90' lang='lat' dir='ltr'>et</span> <span class='ocrx_word' id='word_1_251' title='bbox 264 3671 431 3755; x_wconf 81' lang='lat' dir='ltr'>quibusvis</span> <span class='ocrx_word' id='word_1_252' title='bbox 463 3670 612 3732; x_wconf 84' lang='lat' dir='ltr'>meminis</span> <span class='ocrx_word' id='word_1_253' title='bbox 646 3668 783 3744; x_wconf 77' lang='lat' dir='ltr'>dehisce,</span> <span class='ocrx_word' id='word_1_254' title='bbox 818 3669 961 3745; x_wconf 86' lang='lat' dir='ltr'>integro,</span> <span class='ocrx_word' id='word_1_255' title='bbox 1000 3689 1035 3727; x_wconf 86' lang='lat' dir='ltr'>ec</span> <span class='ocrx_word' id='word_1_256' title='bbox 1070 3664 1216 3750; x_wconf 84' lang='lat' dir='ltr'>perfecto</span> 
     </span>
     <span class='ocr_line' id='line_1_35' title="bbox 202 3752 1217 3839; baseline 0.001 -24"><span class='ocrx_word' id='word_1_257' title='bbox 202 3777 337 3839; x_wconf 87' lang='lat' dir='ltr'>corpore</span> <span class='ocrx_word' id='word_1_258' title='bbox 360 3760 533 3835; x_wconf 81' lang='lat' dir='ltr'>resurgent.</span> <span class='ocrx_word' id='word_1_259' title='bbox 566 3756 660 3814; x_wconf 80' lang='lat' dir='ltr'>aliter</span> <span class='ocrx_word' id='word_1_260' title='bbox 685 3756 772 3816; x_wconf 90' lang='lat' dir='ltr'>enim</span> <span class='ocrx_word' id='word_1_261' title='bbox 793 3754 917 3814; x_wconf 76' lang='lat' dir='ltr'>animae</span> <span class='ocrx_word' id='word_1_262' title='bbox 939 3752 1112 3829; x_wconf 82' lang='lat' dir='ltr'>desiderio,</span> <span class='ocrx_word' id='word_1_263' title='bbox 1135 3776 1217 3839; x_wconf 80' lang='lat' dir='ltr'>quoe</span> 
     </span>
    </p>

    <p class='ocr_par' dir='ltr' id='par_1_11' title="bbox 202 3836 1216 3925">
     <span class='ocr_line' id='line_1_36' title="bbox 202 3836 1216 3925; baseline 0.001 -24"><span class='ocrx_word' id='word_1_264' title='bbox 202 3843 240 3901; x_wconf 89' lang='lat' dir='ltr'>ed</span> <span class='ocrx_word' id='word_1_265' title='bbox 252 3841 397 3924; x_wconf 81' lang='lat' dir='ltr'>corporis</span> <span class='ocrx_word' id='word_1_266' title='bbox 410 3841 666 3922; x_wconf 87' lang='lat' dir='ltr'>conjunctionem</span> <span class='ocrx_word' id='word_1_267' title='bbox 682 3843 841 3925; x_wconf 85' lang='lat' dir='ltr'>propense</span> <span class='ocrx_word' id='word_1_268' title='bbox 859 3840 909 3914; x_wconf 92' lang='lat' dir='ltr'>esl,</span> <span class='ocrx_word' id='word_1_269' title='bbox 930 3840 1067 3901; x_wconf 87' lang='lat' dir='ltr'>minime</span> <span class='ocrx_word' id='word_1_270' title='bbox 1086 3836 1216 3902; x_wconf 80' lang='lat' dir='ltr'>s&#39;atiese-</span> 
     </span>
    </p>
   </div>
   <div class='ocr_carea' id='block_1_5' title="bbox 208 3965 646 3979">
    <p class='ocr_par' dir='ltr' id='par_1_12' title="bbox 208 3965 646 3979">
     <span class='ocr_line' id='line_1_37' title="bbox 208 3965 646 3979; baseline -0.014 0"><span class='ocrx_word' id='word_1_271' title='bbox 208 3970 275 3979; x_wconf 67' lang='grc' dir='ltr'>ο..-</span> <span class='ocrx_word' id='word_1_272' title='bbox 280 3969 321 3977; x_wconf 68' lang='grc' dir='ltr'>-α-</span> <span class='ocrx_word' id='word_1_273' title='bbox 328 3965 646 3976; x_wconf 49' lang='lat' dir='ltr'>*an-*a-</span> 
     </span>
    </p>
   </div>
   <div class='ocr_carea' id='block_1_6' title="bbox 235 4014 1217 4146">
    <p class='ocr_par' dir='ltr' id='par_1_13' title="bbox 235 4014 1217 4146">
     <span class='ocr_line' id='line_1_38' title="bbox 235 4014 1217 4141; baseline -0.004 -69"><span class='ocrx_word' id='word_1_274' title='bbox 235 4020 289 4141; x_wconf 54' lang='lat' dir='ltr'>im]</span> <span class='ocrx_word' id='word_1_275' title='bbox 303 4018 455 4071; x_wconf 84' lang='lat' dir='ltr'>miserrime</span> <span class='ocrx_word' id='word_1_276' title='bbox 476 4018 556 4071; x_wconf 67' lang='lat' dir='ltr'>Van,</span> <span class='ocrx_word' id='word_1_277' title='bbox 574 4015 664 4086; x_wconf 64' lang='lat' dir='ltr'>Aug„</span> <span class='ocrx_word' id='word_1_278' title='bbox 683 4017 771 4085; x_wconf 63' lang='lat' dir='ltr'>Meg„</span> <span class='ocrx_word' id='word_1_279' title='bbox 788 4014 878 4086; x_wconf 78' lang='lat' dir='ltr'>Lugd.</span> <span class='ocrx_word' id='word_1_280' title='bbox 891 4022 919 4075; x_wconf 74' lang='lat'>2.</span> <span class='ocrx_word' id='word_1_281' title='bbox 936 4041 973 4057; x_wconf 91' lang='lat'>-</span> <span class='ocrx_word' id='word_1_282' title='bbox 1008 4018 1054 4082; x_wconf 81' lang='lat'>11)</span> <span class='ocrx_word' id='word_1_283' title='bbox 1071 4014 1217 4086; x_wconf 79' lang='lat' dir='ltr'>separandi</span> 
     </span>
     <span class='ocr_line' id='line_1_39' title="bbox 251 4094 316 4146; baseline 0.015 -7"><span class='ocrx_word' id='word_1_284' title='bbox 251 4094 276 4139; x_wconf 59' lang='lat' dir='ltr'>du</span> <span class='ocrx_word' id='word_1_285' title='bbox 287 4110 316 4146; x_wconf 68' lang='lat' dir='ltr'>tr.</span> 
     </span>
    </p>
   </div>
   <div class='ocr_carea' id='block_1_7' title="bbox 153 4208 1219 4500">
    <p class='ocr_par' dir='ltr' id='par_1_14' title="bbox 235 4208 1218 4278">
     <span class='ocr_line' id='line_1_40' title="bbox 235 4208 1218 4278; baseline 0.006 -17"><span class='ocrx_word' id='word_1_286' title='bbox 235 4215 268 4277; x_wconf 79' lang='lat' dir='ltr'>y)</span> <span class='ocrx_word' id='word_1_287' title='bbox 287 4221 302 4272; x_wconf 71' lang='lat'>2&gt;</span> <span class='ocrx_word' id='word_1_288' title='bbox 323 4211 386 4262; x_wconf 83' lang='lat' dir='ltr'>Cor·</span> <span class='ocrx_word' id='word_1_289' title='bbox 404 4216 430 4276; x_wconf 82' lang='lat'>5,</span> <span class='ocrx_word' id='word_1_290' title='bbox 451 4227 485 4263; x_wconf 83' lang='lat' dir='ltr'>m·</span> <span class='ocrx_word' id='word_1_291' title='bbox 503 4239 537 4249; x_wconf 90' lang='lat'>-</span> <span class='ocrx_word' id='word_1_292' title='bbox 573 4210 604 4278; x_wconf 85' lang='lat' dir='ltr'>z)</span> <span class='ocrx_word' id='word_1_293' title='bbox 621 4210 697 4260; x_wconf 77' lang='lat' dir='ltr'>llaec</span> <span class='ocrx_word' id='word_1_294' title='bbox 716 4211 808 4260; x_wconf 84' lang='lat' dir='ltr'>onrnin</span> <span class='ocrx_word' id='word_1_295' title='bbox 821 4209 854 4260; x_wconf 84' lang='lat' dir='ltr'>ud</span> <span class='ocrx_word' id='word_1_296' title='bbox 870 4209 984 4262; x_wconf 85' lang='lat' dir='ltr'>verbum</span> <span class='ocrx_word' id='word_1_297' title='bbox 1002 4227 1046 4277; x_wconf 83' lang='lat' dir='ltr'>ap.</span> <span class='ocrx_word' id='word_1_298' title='bbox 1065 4208 1140 4275; x_wconf 63' lang='lat' dir='ltr'>Aug}</span> <span class='ocrx_word' id='word_1_299' title='bbox 1160 4232 1218 4267; x_wconf 85' lang='lat' dir='ltr'>non</span> 
     </span>
    </p>

    <p class='ocr_par' dir='ltr' id='par_1_15' title="bbox 234 4280 1219 4354">
     <span class='ocr_line' id='line_1_41' title="bbox 234 4280 1219 4354; baseline -0.001 -19"><span class='ocrx_word' id='word_1_300' title='bbox 234 4289 422 4336; x_wconf 77' lang='lat' dir='ltr'>inveniuntur.</span> <span class='ocrx_word' id='word_1_301' title='bbox 439 4299 604 4350; x_wconf 84' lang='lat' dir='ltr'>quemqnam</span> <span class='ocrx_word' id='word_1_302' title='bbox 623 4280 718 4332; x_wconf 82' lang='lat' dir='ltr'>similia</span> <span class='ocrx_word' id='word_1_303' title='bbox 739 4283 868 4346; x_wconf 79' lang='lat' dir='ltr'>leguntur</span> <span class='ocrx_word' id='word_1_304' title='bbox 886 4288 913 4332; x_wconf 87' lang='lat' dir='ltr'>iu</span> <span class='ocrx_word' id='word_1_305' title='bbox 925 4282 1038 4333; x_wconf 80' lang='lat' dir='ltr'>Euchir.</span> <span class='ocrx_word' id='word_1_306' title='bbox 1059 4301 1083 4338; x_wconf 90' lang='lat' dir='ltr'>c.</span> <span class='ocrx_word' id='word_1_307' title='bbox 1098 4290 1135 4343; x_wconf 69' lang='lat' dir='ltr'>Sl)</span> <span class='ocrx_word' id='word_1_308' title='bbox 1161 4286 1219 4354; x_wconf 84' lang='lat' dir='ltr'>sqq.</span> 
     </span>
    </p>

    <p class='ocr_par' dir='ltr' id='par_1_16' title="bbox 153 4352 1216 4500">
     <span class='ocr_line' id='line_1_42' title="bbox 235 4352 1216 4426; baseline 0.002 -21"><span class='ocrx_word' id='word_1_309' title='bbox 235 4358 277 4421; x_wconf 82' lang='lat' dir='ltr'>(p.</span> <span class='ocrx_word' id='word_1_310' title='bbox 295 4360 347 4413; x_wconf 64' lang='lat' dir='ltr'>trist</span> <span class='ocrx_word' id='word_1_311' title='bbox 368 4354 419 4421; x_wconf 85' lang='lat' dir='ltr'>sq.)</span> <span class='ocrx_word' id='word_1_312' title='bbox 449 4365 476 4405; x_wconf 88' lang='lat' dir='ltr'>et</span> <span class='ocrx_word' id='word_1_313' title='bbox 499 4355 533 4405; x_wconf 68' lang='lat' dir='ltr'>«sn</span> <span class='ocrx_word' id='word_1_314' title='bbox 559 4359 612 4407; x_wconf 85' lang='lat' dir='ltr'>civ.</span> <span class='ocrx_word' id='word_1_315' title='bbox 639 4353 692 4404; x_wconf 82' lang='lat' dir='ltr'>slei</span> <span class='ocrx_word' id='word_1_316' title='bbox 710 4352 811 4417; x_wconf 76' lang='lat' dir='ltr'>xxti,</span> <span class='ocrx_word' id='word_1_317' title='bbox 833 4360 876 4426; x_wconf 86' lang='grc' dir='ltr'>19Ι</span> <span class='ocrx_word' id='word_1_318' title='bbox 887 4352 943 4422; x_wconf 79' lang='lat' dir='ltr'>sqq.</span> <span class='ocrx_word' id='word_1_319' title='bbox 963 4356 1074 4421; x_wconf 73' lang='lat' dir='ltr'>(p.512</span> <span class='ocrx_word' id='word_1_320' title='bbox 1089 4355 1158 4425; x_wconf 81' lang='lat' dir='ltr'>sqq.)</span> <span class='ocrx_word' id='word_1_321' title='bbox 1181 4384 1216 4400; x_wconf 91' lang='lat'>-·</span> 
     </span>
     <span class='ocr_line' id='line_1_43' title="bbox 153 4426 514 4500; baseline 0.006 -21"><span class='ocrx_word' id='word_1_322' title='bbox 153 4440 160 4455; x_wconf 76' lang='lat'><strong>¹</strong></span> <span class='ocrx_word' id='word_1_323' title='bbox 233 4427 267 4500; x_wconf 67' lang='lat' dir='ltr'>e)</span> <span class='ocrx_word' id='word_1_324' title='bbox 291 4426 389 4480; x_wconf 72' lang='lat' dir='ltr'>tlenh·</span> <span class='ocrx_word' id='word_1_325' title='bbox 410 4431 458 4489; x_wconf 74' lang='lat' dir='ltr'>to,</span> <span class='ocrx_word' id='word_1_326' title='bbox 476 4441 514 4481; x_wconf 83' lang='lat' dir='ltr'>eo·</span> 
     </span>
    </p>
   </div>
   <div class='ocr_carea' id='block_1_8' title="bbox 0 0 1276 4898">
    <p class='ocr_par' dir='ltr' id='par_1_17' title="bbox 0 0 1276 4898">
     <span class='ocr_line' id='line_1_44' title="bbox 0 0 1276 4898; baseline 0 6"><span class='ocrx_word' id='word_1_327' title='bbox 0 0 1276 4898; x_wconf 95' lang='lat' dir='ltr'> </span> 
     </span>
    </p>
   </div>
  </div>
 </body>
</html>
