<?xml version="1.0" encoding="UTF-8"?>
<!DOCTYPE html PUBLIC "-//W3C//DTD XHTML 1.0 Transitional//EN"
    "http://www.w3.org/TR/xhtml1/DTD/xhtml1-transitional.dtd">
<html xmlns="http://www.w3.org/1999/xhtml" xml:lang="en" lang="en">
 <head>
  <title>
</title>
<meta http-equiv="Content-Type" content="text/html;charset=utf-8" />
  <meta name='ocr-system' content='tesseract 3.04.00' />
  <meta name='ocr-capabilities' content='ocr_page ocr_carea ocr_par ocr_line ocrx_word'/>
</head>
<body>
  <div class='ocr_page' id='page_1' title='image "./librisymbolicie01stregoog_0243.png"; bbox 0 0 2542 4898; ppageno 0'>
   <div class='ocr_carea' id='block_1_1' title="bbox 448 112 570 182">
    <p class='ocr_par' dir='ltr' id='par_1_1' title="bbox 448 112 570 182">
     <span class='ocr_line' id='line_1_1' title="bbox 448 112 570 182; baseline 0 0"><span class='ocrx_word' id='word_1_1' title='bbox 448 112 449 182; x_wconf 95' lang='lat' dir='ltr'><strong> </strong></span> <span class='ocrx_word' id='word_1_2' title='bbox 569 112 570 182; x_wconf 95' lang='lat' dir='ltr'><strong> </strong></span> 
     </span>
    </p>
   </div>
   <div class='ocr_carea' id='block_1_2' title="bbox 504 197 562 204">
    <p class='ocr_par' dir='ltr' id='par_1_2' title="bbox 504 197 616 205">
     <span class='ocr_line' id='line_1_2' title="bbox 504 197 562 204; baseline 0 0"><span class='ocrx_word' id='word_1_3' title='bbox 504 197 562 204; x_wconf 51' lang='lat' dir='ltr'><strong>¹.a--</strong></span> 
     </span>
    </p>
   </div>
   <div class='ocr_carea' id='block_1_3' title="bbox 219 586 1079 707">
    <p class='ocr_par' dir='ltr' id='par_1_3' title="bbox 219 586 1079 707">
     <span class='ocr_line' id='line_1_3' title="bbox 219 586 1079 707; baseline -0.01 -17"><span class='ocrx_word' id='word_1_4' title='bbox 219 586 1079 707; x_wconf 53' lang='lat' dir='ltr'><strong>mocmmfflmPllewffl</strong></span> 
     </span>
    </p>
   </div>
   <div class='ocr_carea' id='block_1_4' title="bbox 70 788 1235 3354">
    <p class='ocr_par' dir='ltr' id='par_1_4' title="bbox 70 788 1235 3354">
     <span class='ocr_line' id='line_1_4' title="bbox 217 788 1229 887; baseline -0.009 -23"><span class='ocrx_word' id='word_1_5' title='bbox 217 819 317 882; x_wconf 81' lang='lat' dir='ltr'><strong>genua</strong></span> <span class='ocrx_word' id='word_1_6' title='bbox 337 820 354 860; x_wconf 91' lang='lat' dir='ltr'><strong>a</strong></span> <span class='ocrx_word' id='word_1_7' title='bbox 376 797 447 863; x_wconf 91' lang='lat' dir='ltr'><strong>Deo</strong></span> <span class='ocrx_word' id='word_1_8' title='bbox 476 798 623 862; x_wconf 76' lang='lat' dir='ltr'><strong>assuetum</strong></span> <span class='ocrx_word' id='word_1_9' title='bbox 657 795 738 875; x_wconf 80' lang='lat' dir='ltr'><strong>else,</strong></span> <span class='ocrx_word' id='word_1_10' title='bbox 770 796 826 887; x_wconf 86' lang='lat' dir='ltr'><strong>qoi</strong></span> <span class='ocrx_word' id='word_1_11' title='bbox 860 816 962 859; x_wconf 80' lang='lat' dir='ltr'><strong>noae</strong></span> <span class='ocrx_word' id='word_1_12' title='bbox 990 788 1152 859; x_wconf 67' lang='lat' dir='ltr'><strong>duriss&#39;rmi</strong></span> <span class='ocrx_word' id='word_1_13' title='bbox 1173 804 1229 875; x_wconf 79' lang='lat' dir='ltr'><strong>ty-</strong></span> 
     </span>
     <span class='ocr_line' id='line_1_5' title="bbox 216 876 1230 967; baseline -0.004 -20"><span class='ocrx_word' id='word_1_14' title='bbox 216 887 309 949; x_wconf 86' lang='lat' dir='ltr'><strong>ranni</strong></span> <span class='ocrx_word' id='word_1_15' title='bbox 331 887 486 949; x_wconf 83' lang='lat' dir='ltr'><strong>servitute</strong></span> <span class='ocrx_word' id='word_1_16' title='bbox 506 885 541 948; x_wconf 92' lang='lat' dir='ltr'><strong>in</strong></span> <span class='ocrx_word' id='word_1_17' title='bbox 565 888 747 947; x_wconf 87' lang='lat' dir='ltr'><strong>libertatem</strong></span> <span class='ocrx_word' id='word_1_18' title='bbox 768 880 960 961; x_wconf 62' lang='lat' dir='ltr'><strong>vinbicarit,</strong></span> <span class='ocrx_word' id='word_1_19' title='bbox 990 902 1033 945; x_wconf 86' lang='lat' dir='ltr'><strong>ex</strong></span> <span class='ocrx_word' id='word_1_20' title='bbox 1054 882 1114 957; x_wconf 85' lang='lat' dir='ltr'><strong>iia,</strong></span> <span class='ocrx_word' id='word_1_21' title='bbox 1150 876 1230 967; x_wconf 55' lang='lat' dir='ltr'><strong>puae</strong></span> 
     </span>
     <span class='ocr_line' id='line_1_6' title="bbox 216 966 1231 1059; baseline -0.007 -24"><span class='ocrx_word' id='word_1_22' title='bbox 216 972 374 1059; x_wconf 86' lang='lat' dir='ltr'><strong>superiori</strong></span> <span class='ocrx_word' id='word_1_23' title='bbox 411 971 547 1033; x_wconf 81' lang='lat' dir='ltr'><strong>articulo</strong></span> <span class='ocrx_word' id='word_1_24' title='bbox 585 972 741 1033; x_wconf 87' lang='lat' dir='ltr'><strong>declarata</strong></span> <span class='ocrx_word' id='word_1_25' title='bbox 772 974 862 1045; x_wconf 88' lang='lat' dir='ltr'><strong>sunt,</strong></span> <span class='ocrx_word' id='word_1_26' title='bbox 898 968 1083 1047; x_wconf 82' lang='lat' dir='ltr'><strong>intelligere</strong></span> <span class='ocrx_word' id='word_1_27' title='bbox 1116 966 1231 1029; x_wconf 73' lang='lat' dir='ltr'><strong>fideles</strong></span> 
     </span>
     <span class='ocr_line' id='line_1_7' title="bbox 216 1054 1230 1143; baseline -0.006 -24"><span class='ocrx_word' id='word_1_28' title='bbox 216 1055 357 1143; x_wconf 75' lang='lat' dir='ltr'>possunt.</span> <span class='ocrx_word' id='word_1_29' title='bbox 399 1054 446 1119; x_wconf 90' lang='lat' dir='ltr'><strong>At</strong></span> <span class='ocrx_word' id='word_1_30' title='bbox 468 1078 546 1119; x_wconf 87' lang='lat' dir='ltr'><strong>vero</strong></span> <span class='ocrx_word' id='word_1_31' title='bbox 568 1058 774 1119; x_wconf 84' lang='lat' dir='ltr'><strong>siconsiliurn</strong></span> <span class='ocrx_word' id='word_1_32' title='bbox 796 1055 903 1132; x_wconf 85' lang='lat' dir='ltr'><strong>etiam,</strong></span> <span class='ocrx_word' id='word_1_33' title='bbox 925 1066 957 1117; x_wconf 85' lang='lat' dir='ltr'><strong>et</strong></span> <span class='ocrx_word' id='word_1_34' title='bbox 974 1054 1145 1130; x_wconf 86' lang='lat' dir='ltr'><strong>rationem,</strong></span> <span class='ocrx_word' id='word_1_35' title='bbox 1168 1072 1230 1139; x_wconf 84' lang='lat' dir='ltr'><strong>qua</strong></span> 
     </span>
     <span class='ocr_line' id='line_1_8' title="bbox 216 1140 1230 1229; baseline -0.005 -25"><span class='ocrx_word' id='word_1_36' title='bbox 216 1140 415 1229; x_wconf 85' lang='lat' dir='ltr'><strong>potissimum</strong></span> <span class='ocrx_word' id='word_1_37' title='bbox 443 1140 477 1204; x_wconf 86' lang='lat' dir='ltr'><strong>id</strong></span> <span class='ocrx_word' id='word_1_38' title='bbox 507 1140 631 1205; x_wconf 85' lang='lat' dir='ltr'><strong>efficere</strong></span> <span class='ocrx_word' id='word_1_39' title='bbox 662 1140 785 1220; x_wconf 78' lang='lat' dir='ltr'><strong>voluit,</strong></span> <span class='ocrx_word' id='word_1_40' title='bbox 813 1141 908 1203; x_wconf 82' lang='lat' dir='ltr'><strong>nobis</strong></span> <span class='ocrx_word' id='word_1_41' title='bbox 937 1149 1012 1202; x_wconf 86' lang='lat' dir='ltr'><strong>ante</strong></span> <span class='ocrx_word' id='word_1_42' title='bbox 1033 1140 1145 1202; x_wconf 85' lang='lat' dir='ltr'><strong>oculos</strong></span> <span class='ocrx_word' id='word_1_43' title='bbox 1166 1158 1230 1224; x_wconf 90' lang='lat' dir='ltr'><strong>po-</strong></span> 
     </span>
     <span class='ocr_line' id='line_1_9' title="bbox 216 1222 1230 1313; baseline -0.006 -23"><span class='ocrx_word' id='word_1_44' title='bbox 216 1247 347 1302; x_wconf 68' lang='lat' dir='ltr'><strong>namus,</strong></span> <span class='ocrx_word' id='word_1_45' title='bbox 370 1222 517 1313; x_wconf 85' lang='lat' dir='ltr'><strong>profecto</strong></span> <span class='ocrx_word' id='word_1_46' title='bbox 540 1228 625 1291; x_wconf 84' lang='lat' dir='ltr'>nihil</span> <span class='ocrx_word' id='word_1_47' title='bbox 649 1226 761 1289; x_wconf 80' lang='lat' dir='ltr'><strong>divina</strong></span> <span class='ocrx_word' id='word_1_48' title='bbox 790 1226 825 1288; x_wconf 89' lang='lat' dir='ltr'><strong>in</strong></span> <span class='ocrx_word' id='word_1_49' title='bbox 855 1246 917 1289; x_wconf 82' lang='lat' dir='ltr'><strong>noe</strong></span> <span class='ocrx_word' id='word_1_50' title='bbox 946 1226 1155 1289; x_wconf 84' lang='lat' dir='ltr'><strong>beneficentia</strong></span> <span class='ocrx_word' id='word_1_51' title='bbox 1162 1272 1174 1302; x_wconf 89' lang='lat'><strong>,</strong></span> <span class='ocrx_word' id='word_1_52' title='bbox 1194 1242 1230 1285; x_wconf 89' lang='lat' dir='ltr'><strong>ec</strong></span> 
     </span>
     <span class='ocr_line' id='line_1_10' title="bbox 216 1309 1231 1395; baseline -0.006 -20"><span class='ocrx_word' id='word_1_53' title='bbox 216 1314 360 1378; x_wconf 84' lang='lat' dir='ltr'><strong>bonitate</strong></span> <span class='ocrx_word' id='word_1_54' title='bbox 380 1313 547 1389; x_wconf 78' lang='lat' dir='ltr'><strong>illustrius,</strong></span> <span class='ocrx_word' id='word_1_55' title='bbox 575 1313 662 1375; x_wconf 90' lang='lat' dir='ltr'><strong>nihil</strong></span> <span class='ocrx_word' id='word_1_56' title='bbox 685 1312 940 1395; x_wconf 81' lang='lat' dir='ltr'><strong>arragoisicentiua</strong></span> <span class='ocrx_word' id='word_1_57' title='bbox 971 1309 1035 1374; x_wconf 84' lang='lat' dir='ltr'><strong>else</strong></span> <span class='ocrx_word' id='word_1_58' title='bbox 1056 1310 1231 1373; x_wconf 79' lang='lat' dir='ltr'><strong>uidebitur.</strong></span> 
     </span>
     <span class='ocr_line' id='line_1_11' title="bbox 70 1396 1231 1483; baseline -0.007 -18"><span class='ocrx_word' id='word_1_59' title='bbox 70 1448 78 1465; x_wconf 82' lang='grc'><em>.</em></span> <span class='ocrx_word' id='word_1_60' title='bbox 172 1396 296 1481; x_wconf 83' lang='lat' dir='ltr'><strong>11.&#39;Ejua</strong></span> <span class='ocrx_word' id='word_1_61' title='bbox 319 1399 419 1479; x_wconf 86' lang='lat' dir='ltr'><strong>igitur</strong></span> <span class='ocrx_word' id='word_1_62' title='bbox 450 1398 592 1481; x_wconf 79' lang='lat' dir='ltr'><strong>mysterii</strong></span> <span class='ocrx_word' id='word_1_63' title='bbox 623 1397 896 1480; x_wconf 75' lang='lat' dir='ltr'><strong>magnitudinem,</strong></span> <span class='ocrx_word' id='word_1_64' title='bbox 923 1396 1007 1483; x_wconf 87' lang='lat' dir='ltr'><strong>quod</strong></span> <span class='ocrx_word' id='word_1_65' title='bbox 1030 1396 1125 1459; x_wconf 82' lang='lat' dir='ltr'><strong>nobie</strong></span> <span class='ocrx_word' id='word_1_66' title='bbox 1147 1408 1231 1457; x_wconf 88' lang='lat' dir='ltr'><strong>tam-</strong></span> 
     </span>
     <span class='ocr_line' id='line_1_12' title="bbox 217 1482 1231 1571; baseline -0.002 -25"><span class='ocrx_word' id='word_1_67' title='bbox 217 1496 312 1571; x_wconf 88' lang='lat' dir='ltr'><strong>quatn</strong></span> <span class='ocrx_word' id='word_1_68' title='bbox 341 1484 452 1547; x_wconf 81' lang='lat' dir='ltr'><strong>l&#39;alutis</strong></span> <span class='ocrx_word' id='word_1_69' title='bbox 476 1484 602 1548; x_wconf 87' lang='lat' dir='ltr'><strong>nollrae</strong></span> <span class='ocrx_word' id='word_1_70' title='bbox 627 1484 850 1571; x_wconf 81' lang='lat' dir='ltr'><strong>praecipuum</strong></span> <span class='ocrx_word' id='word_1_71' title='bbox 864 1493 959 1569; x_wconf 86' lang='lat' dir='ltr'><strong>caput</strong></span> <span class='ocrx_word' id='word_1_72' title='bbox 979 1486 1082 1546; x_wconf 86' lang='lat' dir='ltr'><strong>sacrae</strong></span> <span class='ocrx_word' id='word_1_73' title='bbox 1104 1482 1231 1544; x_wconf 75' lang='lat' dir='ltr'><strong>litterae</strong></span> 
     </span>
     <span class='ocr_line' id='line_1_13' title="bbox 217 1566 1231 1657; baseline -0.002 -25"><span class='ocrx_word' id='word_1_74' title='bbox 217 1568 476 1633; x_wconf 87' lang='lat' dir='ltr'><strong>considerandum</strong></span> <span class='ocrx_word' id='word_1_75' title='bbox 508 1566 685 1654; x_wconf 77' lang='lat' dir='ltr'><strong>saepissima</strong></span> <span class='ocrx_word' id='word_1_76' title='bbox 711 1572 743 1651; x_wconf 81' lang='lat' dir='ltr'><strong>o)</strong></span> <span class='ocrx_word' id='word_1_77' title='bbox 773 1579 976 1657; x_wconf 89' lang='lat' dir='ltr'><strong>proponunt,</strong></span> <span class='ocrx_word' id='word_1_78' title='bbox 1015 1568 1182 1631; x_wconf 79' lang='lat' dir='ltr'><strong>Parecltua</strong></span> <span class='ocrx_word' id='word_1_79' title='bbox 1212 1588 1231 1630; x_wconf 87' lang='lat' dir='ltr'><strong>a</strong></span> 
     </span>
     <span class='ocr_line' id='line_1_14' title="bbox 215 1648 1232 1743; baseline -0.001 -26"><span class='ocrx_word' id='word_1_80' title='bbox 215 1656 309 1717; x_wconf 86' lang='lat' dir='ltr'><strong>tertii</strong></span> <span class='ocrx_word' id='word_1_81' title='bbox 342 1656 470 1718; x_wconf 78' lang='lat' dir='ltr'><strong>articuli</strong></span> <span class='ocrx_word' id='word_1_82' title='bbox 501 1648 719 1743; x_wconf 75' lang='lat' dir='ltr'><strong>explicatione</strong></span> <span class='ocrx_word' id='word_1_83' title='bbox 754 1652 923 1719; x_wconf 84' lang='lat' dir='ltr'><strong>ostendere</strong></span> <span class='ocrx_word' id='word_1_84' title='bbox 958 1654 1113 1740; x_wconf 73' lang='lat' dir='ltr'><strong>incipietz</strong></span> <span class='ocrx_word' id='word_1_85' title='bbox 1144 1650 1232 1735; x_wconf 86' lang='lat' dir='ltr'><strong>cojua</strong></span> 
     </span>
     <span class='ocr_line' id='line_1_15' title="bbox 217 1738 1231 1819; baseline 0.001 -17"><span class='ocrx_word' id='word_1_86' title='bbox 217 1741 301 1803; x_wconf 85' lang='lat' dir='ltr'><strong>hanc</strong></span> <span class='ocrx_word' id='word_1_87' title='bbox 322 1738 386 1803; x_wconf 79' lang='lat' dir='ltr'><strong>effe</strong></span> <span class='ocrx_word' id='word_1_88' title='bbox 407 1741 597 1805; x_wconf 76' lang='lat' dir='ltr'><strong>sententiam</strong></span> <span class='ocrx_word' id='word_1_89' title='bbox 626 1740 769 1819; x_wconf 86' lang='lat' dir='ltr'><strong>docebit,</strong></span> <span class='ocrx_word' id='word_1_90' title='bbox 802 1759 862 1802; x_wconf 90' lang='lat' dir='ltr'><strong>noa</strong></span> <span class='ocrx_word' id='word_1_91' title='bbox 884 1738 1034 1814; x_wconf 86' lang='lat' dir='ltr'><strong>credere,</strong></span> <span class='ocrx_word' id='word_1_92' title='bbox 1066 1749 1100 1801; x_wconf 88' lang='lat' dir='ltr'><strong>et</strong></span> <span class='ocrx_word' id='word_1_93' title='bbox 1131 1740 1231 1803; x_wconf 86' lang='lat' dir='ltr'><strong>consi·</strong></span> 
     </span>
     <span class='ocr_line' id='line_1_16' title="bbox 217 1824 1232 1915; baseline 0.002 -28"><span class='ocrx_word' id='word_1_94' title='bbox 217 1824 291 1911; x_wconf 73' lang='lat' dir='ltr'><strong>tcri,</strong></span> <span class='ocrx_word' id='word_1_95' title='bbox 312 1825 421 1889; x_wconf 77' lang='lat' dir='ltr'><strong>*auen*</strong></span> <span class='ocrx_word' id='word_1_96' title='bbox 441 1828 547 1915; x_wconf 88' lang='lat' dir='ltr'><strong>ipsum</strong></span> <span class='ocrx_word' id='word_1_97' title='bbox 574 1825 682 1889; x_wconf 83' lang='lat' dir='ltr'><strong>Jasont</strong></span> <span class='ocrx_word' id='word_1_98' title='bbox 710 1824 885 1902; x_wconf 84' lang='lat' dir='ltr'><strong>Glrriflum,</strong></span> <span class='ocrx_word' id='word_1_99' title='bbox 910 1826 1041 1888; x_wconf 89' lang='lat' dir='ltr'><strong>unicum</strong></span> <span class='ocrx_word' id='word_1_100' title='bbox 1061 1824 1232 1889; x_wconf 77' lang='lat' dir='ltr'><strong>donuinam</strong></span> 
     </span>
     <span class='ocr_line' id='line_1_17' title="bbox 216 1910 1233 1999; baseline 0.001 -25"><span class='ocrx_word' id='word_1_101' title='bbox 216 1910 372 1989; x_wconf 80' lang='lat' dir='ltr'><strong>nostrum,</strong></span> <span class='ocrx_word' id='word_1_102' title='bbox 393 1910 457 1975; x_wconf 88' lang='lat' dir='ltr'><strong>Dei</strong></span> <span class='ocrx_word' id='word_1_103' title='bbox 477 1911 593 1987; x_wconf 88' lang='lat' dir='ltr'><strong>filium,</strong></span> <span class='ocrx_word' id='word_1_104' title='bbox 614 1932 767 1999; x_wconf 83' lang='lat' dir='ltr'><strong>cumpro</strong></span> <span class='ocrx_word' id='word_1_105' title='bbox 788 1910 885 1974; x_wconf 85' lang='lat' dir='ltr'><strong>nobie</strong></span> <span class='ocrx_word' id='word_1_106' title='bbox 910 1912 1082 1975; x_wconf 75' lang='lat' dir='ltr'><strong>humanam</strong></span> <span class='ocrx_word' id='word_1_107' title='bbox 1103 1930 1233 1975; x_wconf 85' lang='lat' dir='ltr'><strong>carnem</strong></span> 
     </span>
     <span class='ocr_line' id='line_1_18' title="bbox 216 1996 1233 2083; baseline 0 -23"><span class='ocrx_word' id='word_1_108' title='bbox 216 1998 357 2083; x_wconf 76' lang='lat' dir='ltr'><strong>suscepit</strong></span> <span class='ocrx_word' id='word_1_109' title='bbox 383 1999 420 2060; x_wconf 91' lang='lat' dir='ltr'><strong>in</strong></span> <span class='ocrx_word' id='word_1_110' title='bbox 447 2008 539 2060; x_wconf 89' lang='lat' dir='ltr'><strong>utero</strong></span> <span class='ocrx_word' id='word_1_111' title='bbox 561 1998 720 2079; x_wconf 74' lang='lat' dir='ltr'><strong>virginio,</strong></span> <span class='ocrx_word' id='word_1_112' title='bbox 751 2016 818 2061; x_wconf 90' lang='lat' dir='ltr'><strong>non</strong></span> <span class='ocrx_word' id='word_1_113' title='bbox 847 2016 889 2059; x_wconf 86' lang='lat' dir='ltr'><strong>ex</strong></span> <span class='ocrx_word' id='word_1_114' title='bbox 911 1996 1004 2059; x_wconf 82' lang='lat' dir='ltr'><strong>virili</strong></span> <span class='ocrx_word' id='word_1_115' title='bbox 1024 1996 1165 2076; x_wconf 82' lang='lat' dir='ltr'><strong>sentina,</strong></span> <span class='ocrx_word' id='word_1_116' title='bbox 1183 2010 1233 2061; x_wconf 89' lang='lat' dir='ltr'><strong>-ut</strong></span> 
     </span>
     <span class='ocr_line' id='line_1_19' title="bbox 217 2080 1233 2169; baseline 0.003 -25"><span class='ocrx_word' id='word_1_117' title='bbox 217 2082 277 2145; x_wconf 86' lang='lat' dir='ltr'><strong>alii</strong></span> <span class='ocrx_word' id='word_1_118' title='bbox 292 2080 458 2162; x_wconf 76' lang='lat' dir='ltr'><strong>homines,</strong></span> <span class='ocrx_word' id='word_1_119' title='bbox 470 2080 522 2146; x_wconf 79' lang='lat' dir='ltr'><strong>sed</strong></span> <span class='ocrx_word' id='word_1_120' title='bbox 542 2087 635 2167; x_wconf 85' lang='lat' dir='ltr'><strong>supra</strong></span> <span class='ocrx_word' id='word_1_121' title='bbox 656 2102 785 2145; x_wconf 90' lang='lat' dir='ltr'><strong>omnem</strong></span> <span class='ocrx_word' id='word_1_122' title='bbox 806 2092 935 2145; x_wconf 87' lang='lat' dir='ltr'><strong>naturae</strong></span> <span class='ocrx_word' id='word_1_123' title='bbox 953 2082 1147 2163; x_wconf 73' lang='lat' dir='ltr'><strong>ordinetur)</strong></span> <span class='ocrx_word' id='word_1_124' title='bbox 1163 2084 1233 2169; x_wconf 83' lang='lat' dir='ltr'><strong>spi·</strong></span> 
     </span>
     <span class='ocr_line' id='line_1_20' title="bbox 217 2166 1233 2255; baseline 0.004 -26"><span class='ocrx_word' id='word_1_125' title='bbox 217 2169 305 2231; x_wconf 83' lang='lat' dir='ltr'><strong>ritus·</strong></span> <span class='ocrx_word' id='word_1_126' title='bbox 330 2169 429 2231; x_wconf 86' lang='lat' dir='ltr'><strong>sancti</strong></span> <span class='ocrx_word' id='word_1_127' title='bbox 462 2168 582 2231; x_wconf 79' lang='lat' dir='ltr'><strong>virtute</strong></span> <span class='ocrx_word' id='word_1_128' title='bbox 605 2180 793 2255; x_wconf 89' lang='lat' dir='ltr'><strong>conceptum</strong></span> <span class='ocrx_word' id='word_1_129' title='bbox 816 2166 896 2244; x_wconf 78' lang='lat' dir='ltr'><strong>else,</strong></span> <span class='ocrx_word' id='word_1_130' title='bbox 927 2170 972 2231; x_wconf 88' lang='lat' dir='ltr'><strong>ita</strong></span> <span class='ocrx_word' id='word_1_131' title='bbox 993 2181 1029 2230; x_wconf 92' lang='lat' dir='ltr'><strong>ut</strong></span> <span class='ocrx_word' id='word_1_132' title='bbox 1047 2173 1099 2247; x_wconf 70' lang='grc' dir='ltr'><strong>ΙΨ)</strong></span> <span class='ocrx_word' id='word_1_133' title='bbox 1122 2168 1233 2234; x_wconf 88' lang='lat' dir='ltr'><strong>eadem</strong></span> 
     </span>
     <span class='ocr_line' id='line_1_21' title="bbox 218 2252 1233 2340; baseline 0.001 -25"><span class='ocrx_word' id='word_1_134' title='bbox 218 2259 354 2339; x_wconf 86' lang='lat' dir='ltr'><strong>persona</strong></span> <span class='ocrx_word' id='word_1_135' title='bbox 391 2252 478 2316; x_wconf 82' lang='lat' dir='ltr'><strong>Daue</strong></span> <span class='ocrx_word' id='word_1_136' title='bbox 511 2275 720 2340; x_wconf 82' lang='lat' dir='ltr'><strong>permanens,</strong></span> <span class='ocrx_word' id='word_1_137' title='bbox 754 2253 838 2340; x_wconf 84' lang='lat' dir='ltr'><strong>quod</strong></span> <span class='ocrx_word' id='word_1_138' title='bbox 867 2274 909 2316; x_wconf 85' lang='lat' dir='ltr'><strong>ex</strong></span> <span class='ocrx_word' id='word_1_139' title='bbox 943 2256 1133 2318; x_wconf 80' lang='lat' dir='ltr'><strong>aeternitate</strong></span> <span class='ocrx_word' id='word_1_140' title='bbox 1155 2268 1233 2333; x_wconf 80' lang='lat' dir='ltr'><strong>erat,</strong></span> 
     </span>
     <span class='ocr_line' id='line_1_22' title="bbox 163 2336 1233 2429; baseline 0.002 -26"><span class='ocrx_word' id='word_1_141' title='bbox 163 2342 319 2404; x_wconf 88' lang='lat' dir='ltr'><strong>rrr.homo</strong></span> <span class='ocrx_word' id='word_1_142' title='bbox 342 2342 453 2415; x_wconf 85' lang='lat' dir='ltr'><strong>lieret,</strong></span> <span class='ocrx_word' id='word_1_143' title='bbox 485 2339 570 2429; x_wconf 84' lang='lat' dir='ltr'><strong>quod</strong></span> <span class='ocrx_word' id='word_1_144' title='bbox 599 2352 673 2402; x_wconf 84' lang='lat' dir='ltr'><strong>ante</strong></span> <span class='ocrx_word' id='word_1_145' title='bbox 702 2361 770 2401; x_wconf 92' lang='lat' dir='ltr'><strong>non</strong></span> <span class='ocrx_word' id='word_1_146' title='bbox 800 2348 877 2401; x_wconf 87' lang='lat' dir='ltr'><strong>erat.</strong></span> <span class='ocrx_word' id='word_1_147' title='bbox 926 2336 971 2401; x_wconf 85' lang='lat' dir='ltr'><strong>Ea</strong></span> <span class='ocrx_word' id='word_1_148' title='bbox 999 2351 1105 2402; x_wconf 81' lang='lat' dir='ltr'><strong>autern</strong></span> <span class='ocrx_word' id='word_1_149' title='bbox 1134 2344 1233 2405; x_wconf 75' lang='lat' dir='ltr'><strong>veclua</strong></span> 
     </span>
     <span class='ocr_line' id='line_1_23' title="bbox 219 2422 1234 2513; baseline 0.002 -26"><span class='ocrx_word' id='word_1_150' title='bbox 219 2424 265 2487; x_wconf 86' lang='lat' dir='ltr'><strong>ita</strong></span> <span class='ocrx_word' id='word_1_151' title='bbox 287 2425 470 2510; x_wconf 85' lang='lat' dir='ltr'><strong>accipienda</strong></span> <span class='ocrx_word' id='word_1_152' title='bbox 492 2425 571 2501; x_wconf 82' lang='lat' dir='ltr'><strong>esse,</strong></span> <span class='ocrx_word' id='word_1_153' title='bbox 596 2447 638 2488; x_wconf 84' lang='lat' dir='ltr'><strong>ex</strong></span> <span class='ocrx_word' id='word_1_154' title='bbox 659 2424 735 2488; x_wconf 86' lang='lat' dir='ltr'><strong>sacri</strong></span> <span class='ocrx_word' id='word_1_155' title='bbox 767 2422 908 2486; x_wconf 86' lang='lat' dir='ltr'><strong>Coucilii</strong></span> <span class='ocrx_word' id='word_1_156' title='bbox 936 2423 1234 2513; x_wconf 81' lang='lat' dir='ltr'><strong>Constantinopoli·</strong></span> 
     </span>
     <span class='ocr_line' id='line_1_24' title="bbox 220 2506 1233 2597; baseline 0.002 -24"><span class='ocrx_word' id='word_1_157' title='bbox 220 2511 290 2573; x_wconf 87' lang='lat' dir='ltr'><strong>tani</strong></span> <span class='ocrx_word' id='word_1_158' title='bbox 311 2506 508 2573; x_wconf 80' lang='lat' dir='ltr'><strong>confessione</strong></span> <span class='ocrx_word' id='word_1_159' title='bbox 530 2513 627 2597; x_wconf 86' lang='lat' dir='ltr'><strong>plane</strong></span> <span class='ocrx_word' id='word_1_160' title='bbox 649 2510 850 2597; x_wconf 85' lang='lat' dir='ltr'><strong>perspicitur.</strong></span> <span class='ocrx_word' id='word_1_161' title='bbox 873 2512 918 2570; x_wconf 85' lang='lat' dir='ltr'><strong>uit</strong></span> <span class='ocrx_word' id='word_1_162' title='bbox 944 2514 971 2590; x_wconf 81' lang='grc'><strong>1)</strong></span> <span class='ocrx_word' id='word_1_163' title='bbox 993 2513 1103 2574; x_wconf 82' lang='lat' dir='ltr'><strong>errirn:</strong></span> <span class='ocrx_word' id='word_1_164' title='bbox 1141 2510 1233 2595; x_wconf 87' lang='lat' dir='ltr'><strong>„Qui</strong></span> 
     </span>
     <span class='ocr_line' id='line_1_25' title="bbox 220 2596 1234 2683; baseline 0.004 -26"><span class='ocrx_word' id='word_1_165' title='bbox 220 2608 377 2683; x_wconf 88' lang='lat' dir='ltr'><strong>„propter</strong></span> <span class='ocrx_word' id='word_1_166' title='bbox 410 2615 470 2658; x_wconf 85' lang='lat' dir='ltr'><strong>nos</strong></span> <span class='ocrx_word' id='word_1_167' title='bbox 499 2597 667 2673; x_wconf 75' lang='lat' dir='ltr'><strong>leontinae,</strong></span> <span class='ocrx_word' id='word_1_168' title='bbox 707 2608 739 2658; x_wconf 88' lang='lat' dir='ltr'><strong>et</strong></span> <span class='ocrx_word' id='word_1_169' title='bbox 770 2604 900 2677; x_wconf 85' lang='lat' dir='ltr'><strong>propter</strong></span> <span class='ocrx_word' id='word_1_170' title='bbox 932 2596 1066 2659; x_wconf 83' lang='lat' dir='ltr'><strong>nollrarn</strong></span> <span class='ocrx_word' id='word_1_171' title='bbox 1099 2598 1234 2661; x_wconf 78' lang='lat' dir='ltr'><strong>salutent</strong></span> 
     </span>
     <span class='ocr_line' id='line_1_26' title="bbox 221 2680 1234 2767; baseline 0.004 -24"><span class='ocrx_word' id='word_1_172' title='bbox 221 2682 402 2760; x_wconf 87' lang='lat' dir='ltr'><strong>„descendit</strong></span> <span class='ocrx_word' id='word_1_173' title='bbox 425 2681 464 2744; x_wconf 93' lang='lat' dir='ltr'><strong>de</strong></span> <span class='ocrx_word' id='word_1_174' title='bbox 487 2682 603 2744; x_wconf 84' lang='lat' dir='ltr'><strong>caelia:</strong></span> <span class='ocrx_word' id='word_1_175' title='bbox 627 2694 658 2744; x_wconf 91' lang='lat' dir='ltr'><strong>et</strong></span> <span class='ocrx_word' id='word_1_176' title='bbox 675 2680 857 2743; x_wconf 84' lang='lat' dir='ltr'><strong>incarnatus</strong></span> <span class='ocrx_word' id='word_1_177' title='bbox 880 2680 919 2741; x_wconf 85' lang='lat' dir='ltr'><strong>cst</strong></span> <span class='ocrx_word' id='word_1_178' title='bbox 938 2682 977 2743; x_wconf 85' lang='lat' dir='ltr'><strong>de</strong></span> <span class='ocrx_word' id='word_1_179' title='bbox 993 2685 1106 2767; x_wconf 90' lang='lat' dir='ltr'><strong>spiritu</strong></span> <span class='ocrx_word' id='word_1_180' title='bbox 1126 2684 1234 2748; x_wconf 86' lang='lat' dir='ltr'><strong>sancto</strong></span> 
     </span>
     <span class='ocr_line' id='line_1_27' title="bbox 222 2761 1235 2857; baseline 0.004 -28"><span class='ocrx_word' id='word_1_181' title='bbox 222 2788 285 2844; x_wconf 84' lang='lat' dir='ltr'><strong>„ex</strong></span> <span class='ocrx_word' id='word_1_182' title='bbox 308 2767 410 2831; x_wconf 84' lang='lat' dir='ltr'><strong>Maria</strong></span> <span class='ocrx_word' id='word_1_183' title='bbox 438 2767 584 2849; x_wconf 76' lang='lat' dir='ltr'><strong>uirgine,</strong></span> <span class='ocrx_word' id='word_1_184' title='bbox 618 2778 651 2828; x_wconf 86' lang='lat' dir='ltr'><strong>et</strong></span> <span class='ocrx_word' id='word_1_185' title='bbox 681 2768 778 2829; x_wconf 88' lang='lat' dir='ltr'><strong>homo</strong></span> <span class='ocrx_word' id='word_1_186' title='bbox 799 2761 914 2829; x_wconf 86' lang='lat' dir='ltr'><strong>suctus</strong></span> <span class='ocrx_word' id='word_1_187' title='bbox 944 2768 1017 2829; x_wconf 88' lang='lat' dir='ltr'><strong>esl’&#39;.</strong></span> <span class='ocrx_word' id='word_1_188' title='bbox 1040 2802 1045 2809; x_wconf 85' lang='lat'><em>-</em></span> <span class='ocrx_word' id='word_1_189' title='bbox 1067 2765 1178 2857; x_wconf 87' lang='lat' dir='ltr'><strong>Atque</strong></span> <span class='ocrx_word' id='word_1_190' title='bbox 1200 2769 1235 2833; x_wconf 89' lang='lat' dir='ltr'><strong>id</strong></span> 
     </span>
     <span class='ocr_line' id='line_1_28' title="bbox 222 2850 1235 2957; baseline 0.002 -41"><span class='ocrx_word' id='word_1_191' title='bbox 222 2854 319 2916; x_wconf 84' lang='lat' dir='ltr'><strong>etiem</strong></span> <span class='ocrx_word' id='word_1_192' title='bbox 350 2858 473 2917; x_wconf 86' lang='lat' dir='ltr'><strong>sanctus</strong></span> <span class='ocrx_word' id='word_1_193' title='bbox 504 2852 644 2915; x_wconf 88' lang='lat' dir='ltr'><strong>Juannes</strong></span> <span class='ocrx_word' id='word_1_194' title='bbox 670 2850 869 2932; x_wconf 81' lang='lat' dir='ltr'><strong>Evangelilla</strong></span> <span class='ocrx_word' id='word_1_195' title='bbox 891 2855 1084 2935; x_wconf 81' lang='lat' dir='ltr'><strong>explicavit,</strong></span> <span class='ocrx_word' id='word_1_196' title='bbox 1114 2866 1150 2917; x_wconf 86' lang='lat' dir='ltr'><strong>ut</strong></span> <span class='ocrx_word' id='word_1_197' title='bbox 1179 2856 1235 2957; x_wconf 73' lang='lat' dir='ltr'><strong>qui</strong></span> 
     </span>
     <span class='ocr_line' id='line_1_29' title="bbox 221 2936 1234 3026; baseline 0.005 -27"><span class='ocrx_word' id='word_1_198' title='bbox 221 2960 264 3001; x_wconf 84' lang='lat' dir='ltr'><strong>ex</strong></span> <span class='ocrx_word' id='word_1_199' title='bbox 293 2940 388 3021; x_wconf 81' lang='lat' dir='ltr'><strong>ipsura</strong></span> <span class='ocrx_word' id='word_1_200' title='bbox 418 2936 554 3000; x_wconf 90' lang='lat' dir='ltr'><strong>Domini</strong></span> <span class='ocrx_word' id='word_1_201' title='bbox 582 2938 760 3000; x_wconf 83' lang='lat' dir='ltr'><strong>Salvatoris</strong></span> <span class='ocrx_word' id='word_1_202' title='bbox 788 2950 934 3018; x_wconf 84' lang='lat' dir='ltr'><strong>pectore,</strong></span> <span class='ocrx_word' id='word_1_203' title='bbox 969 2940 1115 3004; x_wconf 82' lang='lat' dir='ltr'><strong>altissimi</strong></span> <span class='ocrx_word' id='word_1_204' title='bbox 1137 2942 1234 3026; x_wconf 67' lang='lat' dir='ltr'><strong>hujus</strong></span> 
     </span>
     <span class='ocr_line' id='line_1_30' title="bbox 221 3022 1235 3103; baseline 0.004 -17"><span class='ocrx_word' id='word_1_205' title='bbox 221 3025 362 3103; x_wconf 79' lang='lat' dir='ltr'><strong>mysterii</strong></span> <span class='ocrx_word' id='word_1_206' title='bbox 376 3023 595 3103; x_wconf 81' lang='lat' dir='ltr'><strong>cognitionem</strong></span> <span class='ocrx_word' id='word_1_207' title='bbox 611 3022 756 3085; x_wconf 78' lang='lat' dir='ltr'><strong>hausisset</strong></span> <span class='ocrx_word' id='word_1_208' title='bbox 772 3026 812 3099; x_wconf 67' lang='lat'><strong>2).</strong></span> <span class='ocrx_word' id='word_1_209' title='bbox 834 3045 906 3085; x_wconf 88' lang='lat' dir='ltr'><strong>nam</strong></span> <span class='ocrx_word' id='word_1_210' title='bbox 928 3047 996 3086; x_wconf 90' lang='lat' dir='ltr'><strong>cum</strong></span> <span class='ocrx_word' id='word_1_211' title='bbox 1019 3026 1125 3090; x_wconf 85' lang='lat' dir='ltr'><strong>‹ttvtni</strong></span> <span class='ocrx_word' id='word_1_212' title='bbox 1144 3028 1235 3090; x_wconf 84' lang='lat' dir='ltr'><strong>verbi</strong></span> 
     </span>
     <span class='ocr_line' id='line_1_31' title="bbox 222 3108 1234 3196; baseline 0.004 -25"><span class='ocrx_word' id='word_1_213' title='bbox 222 3124 365 3172; x_wconf 82' lang='lat' dir='ltr'><strong>naturam</strong></span> <span class='ocrx_word' id='word_1_214' title='bbox 385 3108 566 3170; x_wconf 78' lang='lat' dir='ltr'><strong>declarasset</strong></span> <span class='ocrx_word' id='word_1_215' title='bbox 590 3109 660 3170; x_wconf 88' lang='lat' dir='ltr'><strong>illia</strong></span> <span class='ocrx_word' id='word_1_216' title='bbox 687 3109 810 3169; x_wconf 88' lang='lat' dir='ltr'><strong>vorbis:</strong></span> <span class='ocrx_word' id='word_1_217' title='bbox 840 3114 874 3180; x_wconf 72' lang='lat' dir='ltr'><strong>q)</strong></span> <span class='ocrx_word' id='word_1_218' title='bbox 896 3108 940 3171; x_wconf 78' lang='lat' dir='ltr'><strong>In</strong></span> <span class='ocrx_word' id='word_1_219' title='bbox 958 3111 1135 3196; x_wconf 79' lang='lat' dir='ltr'><strong>principio</strong></span> <span class='ocrx_word' id='word_1_220' title='bbox 1156 3122 1234 3175; x_wconf 81' lang='lat' dir='ltr'><strong>erat</strong></span> 
     </span>
     <span class='ocr_line' id='line_1_32' title="bbox 220 3188 1233 3279; baseline 0.003 -23"><span class='ocrx_word' id='word_1_221' title='bbox 220 3189 379 3270; x_wconf 80' lang='lat' dir='ltr'><strong>verbum,</strong></span> <span class='ocrx_word' id='word_1_222' title='bbox 410 3201 444 3254; x_wconf 80' lang='lat' dir='ltr'><strong>et</strong></span> <span class='ocrx_word' id='word_1_223' title='bbox 465 3189 605 3255; x_wconf 80' lang='lat' dir='ltr'><strong>verbum</strong></span> <span class='ocrx_word' id='word_1_224' title='bbox 629 3202 706 3254; x_wconf 81' lang='lat' dir='ltr'><strong>erat</strong></span> <span class='ocrx_word' id='word_1_225' title='bbox 725 3188 822 3279; x_wconf 80' lang='lat' dir='ltr'><strong>opud</strong></span> <span class='ocrx_word' id='word_1_226' title='bbox 841 3190 965 3267; x_wconf 83' lang='lat' dir='ltr'><strong>Deum,</strong></span> <span class='ocrx_word' id='word_1_227' title='bbox 983 3205 1016 3257; x_wconf 85' lang='lat' dir='ltr'><strong>et</strong></span> <span class='ocrx_word' id='word_1_228' title='bbox 1037 3194 1135 3258; x_wconf 82' lang='lat' dir='ltr'><strong>Deua</strong></span> <span class='ocrx_word' id='word_1_229' title='bbox 1157 3207 1233 3260; x_wconf 82' lang='lat' dir='ltr'><strong>erat</strong></span> 
     </span>
     <span class='ocr_line' id='line_1_33' title="bbox 220 3272 1234 3354; baseline 0.002 -14"><span class='ocrx_word' id='word_1_230' title='bbox 220 3272 383 3352; x_wconf 77' lang='lat' dir='ltr'><strong>verbum3</strong></span> <span class='ocrx_word' id='word_1_231' title='bbox 403 3275 441 3337; x_wconf 87' lang='lat' dir='ltr'><strong>od</strong></span> <span class='ocrx_word' id='word_1_232' title='bbox 466 3288 645 3339; x_wconf 86' lang='lat' dir='ltr'><strong>extremum</strong></span> <span class='ocrx_word' id='word_1_233' title='bbox 667 3280 834 3340; x_wconf 88' lang='lat' dir='ltr'><strong>conclusit:</strong></span> <span class='ocrx_word' id='word_1_234' title='bbox 854 3282 881 3354; x_wconf 75' lang='lat'><strong>¹)</strong></span> <span class='ocrx_word' id='word_1_235' title='bbox 907 3276 955 3340; x_wconf 79' lang='lat' dir='ltr'><strong>Et</strong></span> <span class='ocrx_word' id='word_1_236' title='bbox 980 3278 1122 3344; x_wconf 77' lang='lat' dir='ltr'><strong>verbum</strong></span> <span class='ocrx_word' id='word_1_237' title='bbox 1153 3302 1234 3345; x_wconf 88' lang='lat' dir='ltr'><strong>coro</strong></span> 
     </span>
    </p>
   </div>
   <div class='ocr_carea' id='block_1_5' title="bbox 212 3356 951 3448">
    <p class='ocr_par' dir='ltr' id='par_1_5' title="bbox 212 3356 951 3448">
     <span class='ocr_line' id='line_1_34' title="bbox 212 3356 951 3448; baseline 0.003 -25"><span class='ocrx_word' id='word_1_238' title='bbox 212 3356 356 3445; x_wconf 78' lang='lat' dir='ltr'><strong>factum</strong></span> <span class='ocrx_word' id='word_1_239' title='bbox 378 3358 441 3448; x_wconf 89' lang='lat' dir='ltr'><strong>est,</strong></span> <span class='ocrx_word' id='word_1_240' title='bbox 461 3370 497 3425; x_wconf 86' lang='lat' dir='ltr'><strong>et</strong></span> <span class='ocrx_word' id='word_1_241' title='bbox 516 3357 691 3426; x_wconf 78' lang='lat' dir='ltr'><strong>stabilavit</strong></span> <span class='ocrx_word' id='word_1_242' title='bbox 716 3361 753 3426; x_wconf 83' lang='lat' dir='ltr'><strong>in</strong></span> <span class='ocrx_word' id='word_1_243' title='bbox 775 3359 881 3426; x_wconf 78' lang='lat' dir='ltr'><strong>nobie.</strong></span> <span class='ocrx_word' id='word_1_244' title='bbox 908 3359 951 3447; x_wconf 51' lang='grc'><strong>4-</strong></span> 
     </span>
    </p>
   </div>
   <div class='ocr_carea' id='block_1_6' title="bbox 221 3512 1234 3692">
    <p class='ocr_par' dir='ltr' id='par_1_6' title="bbox 221 3512 1234 3692">
     <span class='ocr_line' id='line_1_35' title="bbox 221 3512 1234 3609; baseline 0.006 -31"><span class='ocrx_word' id='word_1_245' title='bbox 221 3512 348 3599; x_wconf 70' lang='lat' dir='ltr'><strong>[Qu-2.</strong></span> <span class='ocrx_word' id='word_1_246' title='bbox 370 3512 431 3579; x_wconf 80' lang='lat' dir='ltr'><strong>Aa</strong></span> <span class='ocrx_word' id='word_1_247' title='bbox 458 3534 524 3600; x_wconf 82' lang='lat' dir='ltr'><strong>per</strong></span> <span class='ocrx_word' id='word_1_248' title='bbox 566 3516 815 3601; x_wconf 82' lang='lat' dir='ltr'><strong>temporarium</strong></span> <span class='ocrx_word' id='word_1_249' title='bbox 850 3518 1075 3584; x_wconf 79' lang='lat' dir='ltr'><strong>nativitatem</strong></span> <span class='ocrx_word' id='word_1_250' title='bbox 1112 3520 1234 3609; x_wconf 79' lang='lat' dir='ltr'><strong>aliqua</strong></span> 
     </span>
     <span class='ocr_line' id='line_1_36' title="bbox 365 3594 1104 3692; baseline 0.007 -28"><span class='ocrx_word' id='word_1_251' title='bbox 365 3594 442 3683; x_wconf 72' lang='lat' dir='ltr'><strong>stat</strong></span> <span class='ocrx_word' id='word_1_252' title='bbox 469 3598 507 3664; x_wconf 81' lang='lat' dir='ltr'><strong>iu</strong></span> <span class='ocrx_word' id='word_1_253' title='bbox 531 3598 662 3689; x_wconf 72' lang='lat' dir='ltr'><strong>Christo</strong></span> <span class='ocrx_word' id='word_1_254' title='bbox 684 3612 897 3667; x_wconf 72' lang='lat' dir='ltr'><strong>caltararum</strong></span> <span class='ocrx_word' id='word_1_255' title='bbox 913 3603 1104 3692; x_wconf 62' lang='lat' dir='ltr'><strong>eortlufiff]</strong></span> 
     </span>
    </p>
   </div>
   <div class='ocr_carea' id='block_1_7' title="bbox 158 3712 1235 3980">
    <p class='ocr_par' dir='ltr' id='par_1_7' title="bbox 158 3712 1235 3980">
     <span class='ocr_line' id='line_1_37' title="bbox 158 3712 1235 3807; baseline 0.009 -32"><span class='ocrx_word' id='word_1_256' title='bbox 158 3726 181 3764; x_wconf 74' lang='lat'><strong>²·</strong></span> <span class='ocrx_word' id='word_1_257' title='bbox 287 3712 432 3778; x_wconf 85' lang='lat' dir='ltr'><strong>Verbum</strong></span> <span class='ocrx_word' id='word_1_258' title='bbox 456 3715 595 3792; x_wconf 79' lang='lat' dir='ltr'><strong>*aniau*,</strong></span> <span class='ocrx_word' id='word_1_259' title='bbox 626 3717 709 3802; x_wconf 85' lang='lat' dir='ltr'><strong>quod</strong></span> <span class='ocrx_word' id='word_1_260' title='bbox 741 3717 873 3782; x_wconf 83' lang='lat' dir='ltr'><strong>divinae</strong></span> <span class='ocrx_word' id='word_1_261' title='bbox 902 3732 1032 3783; x_wconf 74' lang='lat' dir='ltr'><strong>araturae</strong></span> <span class='ocrx_word' id='word_1_262' title='bbox 1061 3722 1235 3807; x_wconf 77' lang='lat' dir='ltr'><strong>hypostasis</strong></span> 
     </span>
     <span class='ocr_line' id='line_1_38' title="bbox 220 3800 1235 3891; baseline 0.01 -30"><span class='ocrx_word' id='word_1_263' title='bbox 220 3800 278 3877; x_wconf 80' lang='lat' dir='ltr'><strong>ott,</strong></span> <span class='ocrx_word' id='word_1_264' title='bbox 299 3801 343 3862; x_wconf 83' lang='lat' dir='ltr'><strong>ito</strong></span> <span class='ocrx_word' id='word_1_265' title='bbox 364 3801 535 3865; x_wconf 85' lang='lat' dir='ltr'><strong>humanam</strong></span> <span class='ocrx_word' id='word_1_266' title='bbox 549 3812 695 3865; x_wconf 87' lang='lat' dir='ltr'><strong>naturam</strong></span> <span class='ocrx_word' id='word_1_267' title='bbox 711 3804 891 3891; x_wconf 78' lang='lat' dir='ltr'><strong>assumpsit,</strong></span> <span class='ocrx_word' id='word_1_268' title='bbox 913 3819 947 3868; x_wconf 90' lang='lat' dir='ltr'><strong>ut</strong></span> <span class='ocrx_word' id='word_1_269' title='bbox 968 3829 1047 3884; x_wconf 87' lang='lat' dir='ltr'><strong>una,</strong></span> <span class='ocrx_word' id='word_1_270' title='bbox 1068 3821 1101 3870; x_wconf 87' lang='lat' dir='ltr'><strong>et</strong></span> <span class='ocrx_word' id='word_1_271' title='bbox 1125 3809 1235 3871; x_wconf 86' lang='lat' dir='ltr'><strong>eadem</strong></span> 
     </span>
     <span class='ocr_line' id='line_1_39' title="bbox 220 3883 1235 3980; baseline 0.007 -32"><span class='ocrx_word' id='word_1_272' title='bbox 220 3883 300 3950; x_wconf 82' lang='lat' dir='ltr'><strong>esset</strong></span> <span class='ocrx_word' id='word_1_273' title='bbox 322 3886 471 3962; x_wconf 78' lang='lat' dir='ltr'><strong>(livinae,</strong></span> <span class='ocrx_word' id='word_1_274' title='bbox 493 3898 526 3949; x_wconf 87' lang='lat' dir='ltr'><strong>ct</strong></span> <span class='ocrx_word' id='word_1_275' title='bbox 547 3888 705 3950; x_wconf 85' lang='lat' dir='ltr'><strong>humanae</strong></span> <span class='ocrx_word' id='word_1_276' title='bbox 725 3902 857 3955; x_wconf 77' lang='lat' dir='ltr'><strong>naturae</strong></span> <span class='ocrx_word' id='word_1_277' title='bbox 879 3891 1067 3976; x_wconf 80' lang='lat' dir='ltr'><strong>lrypollafis,</strong></span> <span class='ocrx_word' id='word_1_278' title='bbox 1103 3914 1138 3956; x_wconf 84' lang='lat' dir='ltr'><strong>nc</strong></span> <span class='ocrx_word' id='word_1_279' title='bbox 1159 3916 1235 3980; x_wconf 87' lang='lat' dir='ltr'><strong>per-</strong></span> 
     </span>
    </p>
   </div>
   <div class='ocr_carea' id='block_1_8' title="bbox 221 3967 1235 4061">
    <p class='ocr_par' dir='ltr' id='par_1_8' title="bbox 221 3967 1235 4061">
     <span class='ocr_line' id='line_1_40' title="bbox 221 3967 1235 4061; baseline 0.008 -27"><span class='ocrx_word' id='word_1_280' title='bbox 221 3976 315 4034; x_wconf 85' lang='lat' dir='ltr'><strong>sone:</strong></span> <span class='ocrx_word' id='word_1_281' title='bbox 352 3995 415 4059; x_wconf 87' lang='lat' dir='ltr'><strong>quo</strong></span> <span class='ocrx_word' id='word_1_282' title='bbox 439 3967 634 4048; x_wconf 83' lang='lat' dir='ltr'><strong>factumest,</strong></span> <span class='ocrx_word' id='word_1_283' title='bbox 669 3985 789 4039; x_wconf 83' lang='lat' dir='ltr'><strong>uttam</strong></span> <span class='ocrx_word' id='word_1_284' title='bbox 820 3978 1020 4042; x_wconf 81' lang='lat' dir='ltr'><strong>admirabilis</strong></span> <span class='ocrx_word' id='word_1_285' title='bbox 1052 3981 1235 4061; x_wconf 78' lang='lat' dir='ltr'><strong>conjunctio</strong></span> 
     </span>
    </p>
   </div>
   <div class='ocr_carea' id='block_1_9' title="bbox 224 4110 661 4132">
    <p class='ocr_par' dir='ltr' id='par_1_9' title="bbox 224 4110 661 4132">
     <span class='ocr_line' id='line_1_41' title="bbox 224 4110 661 4132; baseline 0 -2"><span class='ocrx_word' id='word_1_286' title='bbox 224 4110 661 4132; x_wconf 48' lang='lat' dir='ltr'><strong>w.-</strong></span> 
     </span>
    </p>
   </div>
   <div class='ocr_carea' id='block_1_10' title="bbox 257 4191 935 4264">
    <p class='ocr_par' dir='ltr' id='par_1_10' title="bbox 257 4191 935 4264">
     <span class='ocr_line' id='line_1_42' title="bbox 257 4191 935 4264; baseline -0.003 -18"><span class='ocrx_word' id='word_1_287' title='bbox 257 4194 288 4261; x_wconf 88' lang='grc'><strong>1)</strong></span> <span class='ocrx_word' id='word_1_288' title='bbox 306 4198 398 4263; x_wconf 88' lang='lat' dir='ltr'><strong>iuquit</strong></span> <span class='ocrx_word' id='word_1_289' title='bbox 417 4205 447 4244; x_wconf 85' lang='lat' dir='ltr'><strong>ut</strong></span> <span class='ocrx_word' id='word_1_290' title='bbox 462 4191 559 4264; x_wconf 79' lang='lat' dir='ltr'><strong>supra.</strong></span> <span class='ocrx_word' id='word_1_291' title='bbox 577 4225 612 4237; x_wconf 95' lang='lat'><em>-</em></span> <span class='ocrx_word' id='word_1_292' title='bbox 630 4194 666 4264; x_wconf 68' lang='grc' dir='ltr'><strong>ρ)</strong></span> <span class='ocrx_word' id='word_1_293' title='bbox 684 4194 819 4250; x_wconf 77' lang='lat' dir='ltr'><strong>liubuilsct</strong></span> <span class='ocrx_word' id='word_1_294' title='bbox 838 4197 891 4251; x_wconf 79' lang='lat' dir='ltr'><strong>l&#39;ol.</strong></span> <span class='ocrx_word' id='word_1_295' title='bbox 910 4208 935 4258; x_wconf 85' lang='lat'><strong>1.</strong></span> 
     </span>
    </p>
   </div>
   <div class='ocr_carea' id='block_1_11' title="bbox 256 4294 1239 4529">
    <p class='ocr_par' dir='ltr' id='par_1_11' title="bbox 256 4294 1239 4529">
     <span class='ocr_line' id='line_1_43' title="bbox 256 4294 1239 4390; baseline 0.007 -20"><span class='ocrx_word' id='word_1_296' title='bbox 256 4294 1239 4390; x_wconf 44' lang='lat' dir='ltr'><strong>mnfflfflmumumffimn-mmm</strong></span> 
     </span>
     <span class='ocr_line' id='line_1_44' title="bbox 258 4390 1239 4464; baseline 0.005 -16"><span class='ocrx_word' id='word_1_297' title='bbox 258 4398 283 4451; x_wconf 74' lang='lat' dir='ltr'><strong>l.</strong></span> <span class='ocrx_word' id='word_1_298' title='bbox 300 4407 339 4445; x_wconf 77' lang='lat' dir='ltr'><strong>to·</strong></span> <span class='ocrx_word' id='word_1_299' title='bbox 357 4390 425 4443; x_wconf 83' lang='lat' dir='ltr'><strong>Luc.</strong></span> <span class='ocrx_word' id='word_1_300' title='bbox 438 4402 463 4453; x_wconf 84' lang='grc'><strong>1,</strong></span> <span class='ocrx_word' id='word_1_301' title='bbox 480 4406 519 4449; x_wconf 82' lang='lat' dir='ltr'><strong>at·</strong></span> <span class='ocrx_word' id='word_1_302' title='bbox 536 4418 570 4435; x_wconf 87' lang='lat'><strong>··</strong></span> <span class='ocrx_word' id='word_1_303' title='bbox 586 4394 637 4459; x_wconf 85' lang='lat' dir='ltr'><strong>pp)</strong></span> <span class='ocrx_word' id='word_1_304' title='bbox 654 4392 741 4445; x_wconf 85' lang='lat' dir='ltr'><strong>Couc.</strong></span> <span class='ocrx_word' id='word_1_305' title='bbox 760 4394 862 4446; x_wconf 80' lang='lat' dir='ltr'><strong>Arelat.</strong></span> <span class='ocrx_word' id='word_1_306' title='bbox 880 4412 904 4445; x_wconf 79' lang='lat' dir='ltr'><strong>a.</strong></span> <span class='ocrx_word' id='word_1_307' title='bbox 923 4398 987 4455; x_wconf 71' lang='lat'><strong>613·</strong></span> <span class='ocrx_word' id='word_1_308' title='bbox 1004 4410 1065 4452; x_wconf 80' lang='lat' dir='ltr'><strong>caat.</strong></span> <span class='ocrx_word' id='word_1_309' title='bbox 1085 4406 1114 4453; x_wconf 83' lang='lat'><strong>1.</strong></span> <span class='ocrx_word' id='word_1_310' title='bbox 1130 4396 1239 4464; x_wconf 64' lang='lat' dir='ltr'><strong>(MS-l</strong></span> 
     </span>
     <span class='ocr_line' id='line_1_45' title="bbox 256 4460 753 4529; baseline 0.004 -16"><span class='ocrx_word' id='word_1_311' title='bbox 256 4487 288 4498; x_wconf 95' lang='lat'><em>-</em></span> <span class='ocrx_word' id='word_1_312' title='bbox 307 4460 340 4527; x_wconf 85' lang='lat' dir='ltr'><strong>q)</strong></span> <span class='ocrx_word' id='word_1_313' title='bbox 357 4460 418 4515; x_wconf 83' lang='lat' dir='ltr'><strong>loa.</strong></span> <span class='ocrx_word' id='word_1_314' title='bbox 437 4468 462 4525; x_wconf 77' lang='lat' dir='ltr'><strong>t,</strong></span> <span class='ocrx_word' id='word_1_315' title='bbox 480 4480 502 4517; x_wconf 83' lang='lat' dir='ltr'><strong>r.</strong></span> <span class='ocrx_word' id='word_1_316' title='bbox 521 4490 555 4505; x_wconf 88' lang='lat'><strong>·-</strong></span> <span class='ocrx_word' id='word_1_317' title='bbox 572 4463 603 4529; x_wconf 87' lang='lat' dir='ltr'><strong>r)</strong></span> <span class='ocrx_word' id='word_1_318' title='bbox 614 4462 658 4516; x_wconf 71' lang='lat' dir='ltr'><strong>ab.</strong></span> <span class='ocrx_word' id='word_1_319' title='bbox 677 4480 702 4513; x_wconf 78' lang='lat' dir='ltr'><strong>v.</strong></span> <span class='ocrx_word' id='word_1_320' title='bbox 719 4478 753 4519; x_wconf 79' lang='lat' dir='ltr'><strong>ra.</strong></span> 
     </span>
    </p>
   </div>
   <div class='ocr_carea' id='block_1_12' title="bbox 0 270 1280 4898">
    <p class='ocr_par' dir='ltr' id='par_1_12' title="bbox 0 270 1280 4898">
     <span class='ocr_line' id='line_1_46' title="bbox 0 270 1280 4898; baseline 0 0"><span class='ocrx_word' id='word_1_321' title='bbox 0 270 1280 4898; x_wconf 95' lang='lat' dir='ltr'><strong> </strong></span> 
     </span>
    </p>
   </div>
  </div>
 </body>
</html>
