2542 4898
257 616 261 625 .
343 520 383 645 ..ἦ
412 526 475 651 D,
503 548 808 673 aumaona..--=-
835 586 879 649 ε..
1041 598 1089 671 ar

12 810 16 826 .
64 750 267 839 doctrinam,
286 772 424 849 propter
453 759 647 827 adulterium
669 762 802 827 atterius
826 758 1000 849 conjugum
1021 792 1092 835 ma-
1139 830 1142 835 .

10 882 36 1027 Ι
66 849 511 929 trimoniigxincutpm‚non
541 846 815 935 poste-diffulsit
848 863 880 913 et
913 865 1092 943 utrumque,

69 933 121 995 rel
155 936 257 996 etiam
278 936 505 1019 innocentem,
537 935 592 1021 qui
614 936 918 1017 cautamaduiterio
938 963 1005 1004 non
1034 944 1093 1007 de-

68 1018 134 1090 dit,
163 1042 234 1083 non
256 1008 367 1106 pnite,
391 1020 492 1083 altero
521 1011 658 1111 conjugo
680 1023 832 1098 virente,
858 1024 947 1085 aliud
978 1032 1092 1091 matri-

69 1105 221 1168 monium
249 1106 458 1187 contrahorer
491 1108 718 1191 moerharbpre
740 1128 831 1179 euru,
860 1111 933 1194 qui,
966 1114 1092 1179 dimitia

70 1190 233 1265 adultera,
253 1194 357 1253 utiam·
372 1191 522 1267 (luxerit,
550 1204 583 1255 et
604 1212 694 1268 eniri,
728 1214 827 1279 (puae,
847 1195 976 1260 dimill'o
999 1200 1095 1264 adul-

70 1286 161 1350 tero,
195 1276 454 1363 alii.nupterit3
488 1279 659 1341 anathema
688 1280 739 1339 tit.

133 1360 233 1424 ΠΗ.
276 1362 313 1425 Si
345 1364 418 1449 quis
440 1360 579 1440 dixerit,
608 1365 768 1427 eecletiam
791 1384 914 1441 errare,
948 1388 1020 1429 cunr
1052 1372 1094 1433 ob

70 1447 192 1509 multas
213 1451 321 1511 causas
340 1449 574 1533 separationem
594 1448 681 1515 inter
697 1444 867 1543 conjuges,
889 1452 991 1536 quoad
1018 1458 1095 1519 tho-

71 1554 160 1607 rum,
195 1538 252 1595 t'eu
284 1555 348 1619 quo
377 1532 415 1595 ad
444 1534 735 1610 cohabitationem,
766 1536 806 1597 ad
837 1549 959 1601 certum
987 1540 1096 1607 incer·

72 1629 187 1681 tumre
211 1619 450 1704 ternpue,1ier·i
471 1618 562 1705 poss'e
584 1620 746 1691 decernite
775 1624 945 1685 arrathema
962 1626 1010 1686 tit.

10 1794 12 1799 ,
132 1728 206 1793 lx.
249 1730 381 1819 Siquis
403 1730 542 1809 dixerit,
573 1732 710 1807 clericos
740 1731 777 1795 in
799 1734 894 1794 t'acris
928 1735 1103 1803 ordinibus·

73 1818 280 1891 constitutos,
309 1817 365 1879 vel
385 1818 567 1897 regulares,
595 1818 766 1881 cattitatem
798 1819 986 1883 t'olernniter
1015 1845 1098 1908 pro·-

72 1896 189 1979 seii'os,
221 1900 313 1989 poii'o
340 1903 584 1965 matrimonium
603 1903 811 1978 contrahere,
840 1918 1102 1994 contractumque

15 1986 25 2037 τ’
75 1986 222 2050 validum
243 1986 326 2065 elie,
348 2010 417 2050 non
436 1988 573 2051 obttanto
594 1988 666 2067 logo
687 1988 903 2065 eoeletiultiea,
928 1994 980 2053 rel
999 2006 1097 2059 roto:

14 2080 37 2127 .'-'
75 2086 107 2135 et
129 2074 316 2157 oppoiiturn
343 2074 392 2134 nit
414 2072 503 2133 aliud
524 2072 604 2149 elie,
633 2094 728 2158 qumi
749 2074 899 2137 damnare
924 2081 1106 2144 matrimo'm

73 2160 189 2229 niurnr
218 2158 372 2246 poil’eque
398 2180 511 2219 onmes
539 2159 729 2221 contrahere
750 2162 1010 2241 matrimonium,
1041 2166 1098 2252 qui

75 2266 146 2307 non
167 2247 311 2309 i'eutiunt
332 2251 364 2306 t‘e
387 2244 555 2319 cattitatis,
578 2246 676 2305 etiam
696 2247 721 2304 li
742 2266 812 2306 eam
834 2251 1004 2325 voverint,
1036 2253 1099 2315 ha-

75 2333 151 2393 here
172 2330 316 2405 donum,
339 2330 509 2391 anathema
530 2332 588 2403 tit3
610 2328 791 2391 erun-Deus
814 2330 848 2391 id
870 2344 954 2395 recto
981 2348 1099 2421 peten-

77 2418 163 2478 tibus
183 2434 254 2479 non
274 2416 428 2494 deneget,
448 2436 508 2477 nec
531 2418 560 2497 ¹)
576 2416 717 2501 patiatur
739 2437 800 2479 nos
824 2421 918 2502 t'upra
938 2420 990 2499 id,
1012 2422 1099 2509 quod

75 2501 261 2589 poliemus,
290 2500 421 2564 tentari.
800 2575 809 2590 ⁶

89 2630 92 2635 -
139 2586 192 2649 X.
235 2586 271 2649 Si
294 2588 368 2673 quis
392 2582 534 2654 dixerit,
554 2580 713 2661 matarum
734 2586 938 2669 conpuaalem
960 2599 1099 2673 antepo-
1166 2610 1170 2619 ·

76 2672 222 2736 nendum
245 2672 308 2735 effe
327 2666 418 2733 tto'tui
438 2668 657 2749 virginitatis,
678 2670 734 2731 xel
764 2670 958 2747 coelibatum
980 2687 1013 2735 et
1032 2698 1102 2741 non

76 2758 140 2823 offe
161 2759 301 2835 melius,
321 2780 356 2819 ae
373 2756 497 2819 beatius
518 2774 649 2815 nranere
669 2754 705 2816 in
726 2754 932 2831 virginitate,
955 2772 1008 2821 aut
1025 2782 1102 2825 coe·

75 2846 201 2917 libato,
223 2866 318 2931 quam
338 2839 433 2938 jungi
453 2841 682 2915 matrimonio3
713 2841 883 2903 anathema
903 2842 951 2903 tit.

139 2956 209 3020 xl.
260 2956 297 3019 Si
326 2958 398 3043 quis
429 2955 566 3030 dixerit,
599 2955 858 3041 prohihitionem
888 2958 1103 3023 solemnitatis

79 3045 268 3130 nuptiarum
298 3044 394 3105 certis
416 3044 495 3103 anni
522 3044 722 3125 temporibus
752 3041 1007 3125 superstitionem
1040 3044 1103 3109 ess'e

80 3130 298 3209 tyrannicam,
333 3130 372 3189 ab
407 3126 613 3205 ethnicorum
647 3128 868 3211 t'uperttitiane
904 3127 1104 3207 prosectarum

80 3228 131 3277 aut
148 3214 415 3289 benedictionem
437 3225 470 3275 et
488 3214 569 3274 alias
585 3214 819 3288 caerimonias,
841 3209 955 3297 quibus
976 3218 1104 3280 ecclelia

83 3303 114 3363 in
134 3302 209 3362 ittis
231 3302 350 3376 utitur,
380 3298 605 3377 darnnaverit3
633 3300 802 3360 anathema
826 3298 874 3359 tit.

143 3412 231 3477 XII.
276 3412 313 3474 Si
336 3411 408 3497 quis
437 3411 577 3485 dixerit,
610 3416 716 3471 carulas
746 3409 1003 3474 matrimoniales
1035 3398 1113 3477 non¹

84 3508 223 3587 spectare
245 3498 286 3560 ad
305 3491 429 3594 judices
451 3497 687 3571 eccleliatticosr
716 3498 886 3558 anathema
907 3498 954 3556 tit.

201 3636 396 3705 Decretum
415 3633 458 3700 cle
479 3632 729 3791 Idiminium?
749 3634 981 3700 irratrimonii.
1078 3628 1081 3632 ’

512 3724 547 3775 V.
565 3725 597 3775 in
643 3738 688 3787 pp.

322 3845 513 3913 Decretum
542 3846 585 3910 cte
614 3845 873 3935 reformatione.

556 3932 636 4003 (no

334 4058 488 4126 Imiictiu
511 4059 666 4216 snppppe
687 4060 858 4151 fiffiunis.

598 4166 615 4197 J·

121 4362 151 4427 a)
178 4361 268 4421 acor.
289 4370 340 4432 10,
365 4381 400 4426 ¹³.
428 4390 465 4409 ·-
497 4362 529 4432 b)
553 4361 653 4418 March.
677 4366 726 4426 to,
757 4378 781 4417 n
798 4354 838 4427 tq.
863 4357 995 4417 acor-7,
1013 4370 1051 4410 us.
1069 4366 1106 4409 ra.

123 4450 159 4491 aa.
177 4449 217 4493 ro.
