2542 4898
315 705 374 777 lis
395 700 508 776 tribus
529 699 698 802 symbolis
721 700 913 809 catholicis.
1061 728 1122 796 uns

212 954 274 1018 DE
295 953 464 1021 TRIBUS
485 953 715 1022 SYlllBOLlS
736 953 1024 1022 cnfflottcts.

184 1090 432 1180 Symbolum
451 1089 777 1181 Apostolicum,
795 1088 1123 1157 exCatechismiRo·

115 1177 204 1245 mani
225 1176 359 1266 quidem
387 1179 549 1244 sententia
578 1177 618 1243 ab
640 1176 832 1267 Apostolis,
864 1175 974 1242 divino
1005 1175 1124 1265 spiritu

116 1262 244 1343 afflatis,
267 1264 483 1352 compositum
505 1263 744 1353 duodecimque
757 1260 904 1333 articulis
921 1261 1124 1345 distinctum,

116 1349 158 1415 de
184 1348 300 1414 critico
322 1351 542 1415 recentiorum
558 1360 740 1438 temporum
758 1348 912 1439 suffragio
927 1371 1030 1437 paene
1046 1371 1124 1413 una·

115 1435 205 1499 nimo
221 1433 330 1500 verbis
340 1435 473 1502 Domini
483 1437 743 1520 »Πορευθέντες
757 1433 998 1522 μαθητεύσατε
1012 1429 1126 1502 noima

115 1516 159 1589 soi
171 1530 269 1607 ἔθνη,
289 1527 513 1611 βαπτίζοντςς
530 1517 655 1597 oricosic
672 1527 727 1600 sle*
738 1520 776 1588 cd
796 1518 906 1605 ὄνομα
918 1523 980 1588 τοῦ
999 1515 1127 1603 πατρὸς

116 1608 172 1674 καὶ
185 1611 245 1674 τοῦ
256 1611 331 1675 υἱοῦ
348 1612 399 1675 καὶ
415 1615 475 1677 sori
488 1605 819 1696 ciyiovnresiuucoc”‚
839 1602 1127 1695 formulaebaptisf

117 1689 211 1757 malis
224 1692 327 1757 instar
339 1691 495 1782 acceptis,
518 1689 690 1779 originitus
703 1714 800 1778 quam
811 1690 1001 1763 brevissime
1013 1700 1127 1780 super·

118 1780 296 1855 structum,
330 1777 406 1842 dein
431 1778 525 1842 aunis
547 1776 797 1865 insequentibus
816 1776 856 1841 ad
876 1772 1057 1853 haereticos
1079 1774 1127 1840 di·

118 1856 324 1952 gnoscendos
357 1864 476 1943 studiis
506 1861 694 1927 multifariis
725 1872 855 1927 auctum
874 1862 1041 1949 uariisque
1063 1861 1127 1925 lor·

117 1948 217 2013 mulis
239 1960 273 2013 et
295 1949 418 2037 graecis
441 1961 474 2013 ct
489 1948 598 2014 latinis
615 1971 675 2035 per
689 1948 859 2013 eeclesiam
874 1959 925 2012 cst
941 1949 1126 2012 dilataturus

119 2057 226 2121 usque
248 2033 326 2097 dum
348 2035 478 2099 saeculo
498 2036 568 2099 lere
586 2044 680 2099 sexto
694 2034 728 2098 in
743 2033 857 2098 Africa
880 2044 912 2098 et
929 2032 1036 2098 Gallia
1058 2046 1128 2098 es'm

120 2119 267 2184 induerit
288 2120 446 2200 sormam,
480 2144 577 2209 quam
597 2119 733 2184 eeclesia
756 2118 966 2183 occidentalis
988 2117 1128 2184 auctori·

119 2217 184 2270 tste
207 2205 340 2293 publica
355 2218 499 2270 ornatam
516 2216 701 2271 constanter
717 2204 836 2270 exinde
858 2204 1005 2269 retinuit.
1039 2202 1130 2293 Sym·

120 2291 190 2355 boli
217 2292 337 2375 hujus,
375 2292 482 2380 quoad
504 2290 701 2356 incunabula
723 2314 781 2355 sua
802 2292 947 2355 omnium
970 2289 1129 2378 antiquis·

121 2377 215 2457 simi,
239 2388 364 2440 testum
388 2377 596 2441 exhibuimus
618 2400 706 2457 eum,
729 2400 824 2465 quem
850 2378 949 2442 refert
965 2376 1130 2457 Catechis·

121 2486 194 2527 mus
219 2463 404 2541 Romanus,
439 2463 585 2547 subjecta
613 2473 720 2526 tamen
752 2463 951 2552 amplissima
979 2460 1131 2531 lectionis

121 2548 296 2626 varietate,
334 2548 469 2612 collecta
498 2548 672 2636 praecipue
704 2572 746 2612 ex
768 2548 912 2637 antiquis
936 2549 1001 2614 illis
1026 2559 1057 2613 et
1078 2571 1130 2613 co·

169 2634 230 2696 atis
253 2634 329 2697 fidei
351 2632 516 2716 formulis,
539 2657 619 2735 quas
643 2633 730 2697 iuter
748 2634 827 2698 alias
850 2635 967 2698 multas
989 2633 1130 2698 dissimi-

108 2658 226 2801 ,ἔξω
240 2719 397 2783 laudabili
414 2719 583 2808 diligentia
603 2718 690 2782 sistit
704 2719 805 2784 libers
829 2720 1034 2784 Bibliotheca
1046 2742 1131 2805 sym-

127 2805 235 2868 bolica
247 2816 337 2869 uetus
345 2830 388 2869 ex
398 2807 621 2871 monumentis
630 2808 781 2899 quinque
788 2809 939 2890 priorum
948 2804 1134 2870 seculorum

128 2891 278 2955 maxime
297 2890 429 2955 collecto
451 2900 484 2954 ct
504 2889 680 2954 obseruutt.
704 2890 820 2953 histor.
851 2911 891 2954 ac
920 2892 1023 2954 critic.
1054 2890 1133 2955 ittu-

126 2984 236 3039 stratu
256 2998 330 3039 cura
350 2988 383 3040 et
394 2976 503 3041 studio
523 2973 708 3041 Christian.
726 2973 819 3039 Guil.
834 2976 1011 3039 Francisci
1027 2973 1132 3040 Wol-

126 3061 206 3126 chii.
250 3059 331 3125 Lem
356 3085 408 3126 ov.
433 3060 591 3129 mittut.
647 3060 754 3145 Quam
775 3059 925 3126 lectionis
946 3061 1134 3129 varietatem

152 3145 315 3236 suspicere
334 3087 470 3212 iaettius
492 3154 529 3210 ut
553 3145 675 3234 possis,
697 3144 777 3234 sigla
801 3147 913 3210 critica
934 3145 1056 3210 ibidem
1078 3147 1133 3212 ad·

126 3170 230 3296 bibus
252 3233 368 3297 ordine
388 3229 593 3320 alphabetico
617 3231 782 3298 succincte
804 3232 858 3296 hic
881 3232 1107 3320 explicamnss

128 3322 206 3393 Aqu.
223 3323 259 3376 R.
276 3324 303 3375 id
321 3329 374 3376 ests
393 3321 483 3387 symb.
502 3318 736 3391 Aquitejsusc
755 3320 910 3394 Rcffr'ui
927 3325 952 3374 tu
971 3320 1037 3375 libro
1052 3322 1135 3375 Wis-

391 3408 449 3445 cnn
466 3391 569 3444 laudato
606 3424 927 3448 ........
963 3392 1032 3449 uum.
1049 3388 1136 3448 xxti.

128 3465 500 3523 -1.st2.-·—sduorum
533 3464 641 3516 ultorum
674 3462 782 3529 Symbb.
818 3461 1023 3534 Aquitejeu·

391 3535 481 3588 sium
499 3534 569 3602 prius
587 3542 614 3588 et
631 3534 770 3604 posterius.
823 3571 832 3587 .
878 3532 1002 3594 XXXIV.
1022 3533 1135 3594 XXXV.

167 3692 214 3729 css
240 3678 334 3728 uostris
349 3673 517 3746 'temporibus
544 3680 636 3732 lsetius
664 3678 795 3747 percultae
820 3680 847 3731 ct
875 3674 1045 3746 percolendas
1070 3674 1138 3733 haud

168 3763 256 3817 parum
275 3749 431 3804 sublevetur.
468 3752 507 3804 Ad
525 3752 624 3818 singula
651 3764 813 3803 censurarum
832 3750 991 3814 laudatarum
1007 3751 1033 3803 iu
1051 3752 1139 3818 prolo-

167 3820 285 3886 gomeuis
306 3819 417 3874 hisceet
434 3827 489 3874 totu
501 3824 586 3890 operis
603 3822 682 3875 nostri
700 3820 892 3875 continuatione
911 3824 1080 3891 respeximus,
1097 3824 1149 3881 ut'.⁴

168 3898 291 3957 uerutum
309 3891 366 3943 fieri
384 3895 483 3961 potuit,
508 3910 538 3945 ea
562 3907 665 3961 quoque
689 3888 853 3945 adderentur'
868 3907 934 3958 quae
959 3893 1058 3946 abillis
1076 3895 1138 3948 tuue'

168 3960 389 4014 desiderabsutur.
423 3964 453 4016 st
472 3962 593 4017 Mauritto
612 3964 763 4029 Roedigero
779 3964 810 4015 ad
829 3965 926 4017 calcem
943 3964 1071 4018 adducere
1082 3967 1139 4033 pls·

169 4035 253 4086 cuerit
269 4035 446 4087 recensionem
459 4050 545 4097 susm,
573 4036 610 4088 uti
624 4037 751 4102 promisit,
781 4035 891 4088 omnium
911 4035 1139 4103 diligentissimam,

169 4111 200 4156 et
216 4118 263 4155 nos
281 4112 308 4156 et
325 4106 368 4157 atii
383 4106 483 4172 gratiss
501 4108 548 4174 ipsi
565 4104 721 4163 hshebimus
761 4106 912 4167 bteudorum
928 4108 1078 4177 typothetss
1096 4123 1139 4161 sr-

168 4189 231 4228 rore
248 4176 353 4227 editioni
375 4181 478 4230 nostras
495 4184 682 4232 contractorum
700 4176 830 4246 hucusque
847 4180 944 4242 nultum
969 4197 984 4232 a
1002 4193 1141 4235 recenseo-

170 4247 242 4297 tibus
256 4247 394 4300 iudicatum
413 4248 535 4317 lerinum
561 4250 664 4302 unicum
691 4250 758 4303 euim
771 4266 787 4304 a
801 4248 952 4317 Roedtgero
969 4250 1002 4305 T.
1021 4250 1042 4306 1.
1060 4268 1086 4320 p.
1094 4253 1138 4306 14.

169 4317 216 4372 tin.
238 4321 262 4369 t.
280 4315 396 4370 sidentes
413 4335 462 4388 pro
472 4320 591 4390 fidentes
606 4327 766 4390 annotatum,
792 4320 820 4374 lu
839 4322 1141 4392 uostris'exemplsribus

166 4402 221 4442 uon
239 4389 363 4443 cernitur·

180 4672 192 4715 t
