2542 4898
548 325 551 337 t

210 427 215 437 e

799 530 822 563 'st

266 635 357 732 cap.
384 635 479 708 vm.
502 660 508 671 ,
531 635 588 705 ne
612 634 859 710 Matrimonia.
927 610 929 617 ’
955 592 960 605 ’
995 651 1070 731 449

47 820 167 887 fflere.
209 820 290 885 Nam
311 817 396 906 quod
426 817 508 880 eliae
529 819 776 882 clarittimorum
799 821 944 885 virorum
964 819 992 902 t)
1012 822 1070 884 de·

47 910 225 975 finitienea
251 908 316 968 hoc
346 905 496 967 ridentur
525 905 692 967 consensui
724 906 879 979 tribuere,
912 917 964 980 ut,
998 931 1070 971 cum

48 990 183 1069 dicunt,
217 992 401 1073 conjugium
423 988 486 1051 effe
507 995 692 1074 conient'um
715 993 829 1068 rearis,
857 1005 888 1053 et
911 989 1070 1071 feminae;

50 1081 118 1143 hoe
139 1081 184 1141 itu
206 1077 428 1162 accipiendum
449 1076 510 1149 et,
532 1081 719 1145 centensem
741 1077 845 1160 ipt'nm
865 1076 1069 1140 Matrimonii
1091 1086 1096 1092 '

49 1168 176 1228 caesam
198 1164 394 1227 effectricem
419 1158 500 1222 effe:
530 1161 613 1244 quod
636 1161 744 1222 l'utres
766 1165 798 1223 iu
822 1160 970 1226 Concilio
990 1165 1072 1227 tto-

52 1251 184 1313 rentiuo
206 1257 249 1330 ¹⁸)
280 1248 465 1309 docuerunt.
528 1244 657 1308 Etenim
691 1248 866 1328 obligatio,
905 1261 936 1310 et
967 1271 1070 1313 nexne
1114 1247 1118 1265 ¹

51 1337 137 1398 oriri
157 1358 226 1399 non
246 1333 363 1420 petest,
385 1332 446 1394 nili
466 1351 508 1394 ex
531 1336 704 1408 consensu,
725 1347 758 1396 et
779 1336 939 1419 pactione.

53 1500 141 1588 [Qu.
163 1511 196 1575 5.
243 1502 370 1585 Qualia
401 1502 438 1567 in
462 1502 692 1568 Matrimouio
712 1505 906 1592 requiritur
927 1504 1071 1589 consere·
1133 1488 1140 1497 ’

116 1638 124 1649 .
241 1589 321 1671 (ita,
341 1608 476 1674 quaque
498 1588 635 1653 ratione
655 1588 700 1677 est
723 1590 1003 1674 declaranduei]

116 1702 216 1767 *sod*
237 1703 317 1764 iliud
341 1704 482 1766 maxime
512 1700 717 1765 necess'arium
751 1704 809 1781 est,
843 1715 878 1767 ut
903 1710 1124 1775 conl'ensuern.
1161 1727 1183 1772 a.

52 1791 186 1865 verbis,
215 1808 294 1874 quae
316 1793 464 1872 praesens
487 1797 612 1873 tempus
635 1789 828 1867 ligusticum,
858 1791 1071 1875 exprimatur.

51 1896 159 1965 neque
193 1874 281 1937 enim
309 1872 552 1935 Matrimonium
587 1874 627 1936 ett
660 1875 798 1959 firnplex
833 1874 985 1954 donatio,
1018 1877 1071 1941 t'ed

52 1979 165 2025 ιιιιιιιιιι
184 1962 312 2047 pactio:
335 1971 429 2044 atque
450 1958 495 2018 ite
516 1961 572 2035 fit,
593 1969 629 2020 ut
650 1966 820 2022 contentus
839 1963 981 2024 alteriue
996 1973 1072 2024 ten-

53 2061 143 2121 tum,
180 2046 218 2107 ad
238 2044 483 2106 Matrimonium
517 2043 773 2127 conjungendum
807 2048 883 2109 tetis
911 2045 974 2110 ess'e
1005 2068 1071 2110 non

52 2134 171 2217 pettit,
193 2128 244 2193 sed
266 2129 401 2191 duorum
425 2129 511 2191 inter
527 2133 559 2192 fe
582 2141 724 2192 mutuum
747 2128 811 2193 ass'o
833 2144 992 2216 oporteat.
1021 2142 1074 2194 et·

52 2219 128 2304 qni,
157 2215 195 2277 ad
218 2214 441 2278 declarandum
459 2225 604 2277 mutuum
626 2217 726 2278 arriani
748 2222 933 2281 consensum
961 2219 1070 2283 verbis

52 2298 243 2388 epae-effe,
268 2300 469 2385 perspicuum
491 2301 542 2361 ett.
596 2300 632 2361 Si
653 2302 740 2364 enim
763 2322 805 2365 ex
827 2303 977 2365 interiori
997 2315 1136 2367 tan-un.

52 2400 125 2450 tum
147 2393 316 2460 contentu,
336 2386 417 2446 ¹tine
438 2385 482 2445 eli
507 2406 544 2446 ue
565 2399 697 2448 externa
724 2388 973 2467 agamennona,
1001 2383 1074 2452 Me-

55 2474 246 2536 trirnoniunr
269 2469 406 2533 conflare
428 2405 540 2553 poliet,
567 2469 647 2532 iliud
671 2473 767 2534 etiem
791 2475 879 2560 sequi
899 2475 1074 2553 videretur,

53 2572 109 2636 ut,
131 2578 203 2620 eum
223 2557 297 2633 duo,
319 2557 375 2641 qui
397 2554 647 2636 disjunctit'timia
670 2568 701 2617 et
722 2560 865 2622 rnexime
883 2559 1016 2621 divertis
1039 2561 1074 2625 in

53 2644 140 2706 lerie
161 2640 283 2717 etiem,
316 2640 353 2701 ad
385 2642 515 2724 rttrptiae
535 2642 772 2720 consentirent,
804 2655 973 2732 antequem
995 2645 1074 2710 atter

52 2731 149 2809 atteri
171 2729 372 2790 volontatem
393 2729 480 2788 tunm
506 2728 556 2787 vel
581 2727 720 2803 titteris,
743 2729 795 2790 vel
819 2733 945 2793 nunciia
967 2730 1074 2794 deela-

55 2812 178 2897 rass'et„
201 2815 290 2886 reri,
324 2822 359 2882 ,et
382 2811 498 2872 stabitis
520 2810 724 2874 Matrimonii
747 2814 818 2895 lege
840 2816 1076 2898 conjungeren-

55 2911 131 2976 tor3
164 2899 249 2984 quod
275 2909 379 2958 temen
402 2915 420 2957 a
442 2898 585 2971 ratione,
620 2908 652 2960 et
673 2901 797 2963 sanctae
817 2898 971 2964 Eccletioe
992 2924 1073 2967 con-

53 2983 242 3058 suetudine,
265 2995 297 3046 et
318 2981 454 3045 decretis
470 2987 502 3059 ¹¹)
523 2983 664 3046 alienum
685 2984 737 3046 ott.
758 2989 798 3065 -ἦ-

55 3163 144 3251 [Qe-
164 3168 197 3233 6.
241 3158 404 3250 Efficitue
435 3163 578 3223 mutuno
606 3155 791 3307 offensae
812 3154 924 3223 verbio
954 3154 1075 3240 futuri

128 3314 133 3325 ‚
245 3244 409 3333 temporie
430 3240 607 3333 expreffiea
673 3243 955 3326 utrimoniumP]

121 3366 222 3431 Recte
242 3363 380 3429 *eutem*
401 3362 518 3426 dicitnr
547 3374 713 3447 oportere,
746 3376 781 3425 ut
802 3369 971 3428 contentus
996 3382 1115 3429 ver-rx.
1162 3377 1185 3421 e.

57 3454 111 3521 bia
131 3455 349 3541 exprimetur,
379 3469 460 3535 quae
487 3450 662 3534 praeseutia
692 3450 847 3534 temporie
865 3451 1074 3530 tignifiretio-

58 3562 136 3605 nem
160 3540 297 3603 habeant
314 3541 356 3616 ο).
382 3557 472 3611 nam,
506 3553 585 3618 quae
608 3528 752 3596 futurum
774 3545 899 3617 tempus
923 3534 1075 3611 indicent,

57 3626 305 3691 Matrimonium
333 3643 400 3684 non
422 3618 634 3702 corrjengunt,
666 3616 717 3681 [ed
743 3622 913 3703 spondent?
948 3621 1076 3699 deinde,

58 3733 141 3799 quae
164 3708 271 3774 sutura
294 3712 385 3783 sunt,
414 3704 558 3768 nondum
587 3700 649 3766 effe
672 3707 872 3788 perspicuum
901 3706 958 3767 ett:
996 3728 1075 3792 quae

60 3818 142 3861 vero
172 3818 239 3860 non
268 3799 363 3871 funt,
391 3807 521 3876 perum,
554 3791 605 3852 vel
634 3789 720 3861 nihii
742 3792 851 3867 finni,
882 3800 937 3852 eut
957 3790 1075 3857 stabilit

96 4068 119 4133 1)
138 4085 165 4122 ι.
189 4082 214 4120 c.
231 4064 344 4133 Hegea.
369 4063 479 4117 Victor.
503 4058 538 4111 de
557 4055 674 4111 Sauram.
701 4053 750 4110 nt.
770 4056 804 4110 tt.
823 4054 854 4110 P.
868 4056 918 4110 Xt.
944 4058 973 4112 C.
991 4067 1017 4119 a.
1036 4062 1074 4129 (p.

97 4140 173 4205 469.)
191 4136 257 4191 Vid.
284 4135 386 4188 Thom.
417 4131 492 4200 aqu.
520 4135 549 4182 ln
576 4135 604 4188 4.
623 4127 697 4181 Sent.
733 4122 791 4181 dett.
809 4134 852 4187 27.
885 4147 932 4196 qu,
951 4140 977 4193 1,
1007 4153 1031 4185 2,
1048 4145 1074 4194 1,

96 4210 253 4279 quirnea.
274 4218 303 4260 et
322 4204 371 4263 tot.
388 4212 415 4279 ³:
432 4231 468 4243 -
516 4199 556 4267 ιιι)
574 4199 682 4267 Eugeu.
706 4197 756 4251 Ν.
788 4204 817 4251 in
837 4199 921 4253 Cone.
940 4203 1012 4256 Ftor.
1037 4208 1075 4273 (p.

93 4282 174 4407 ἦιξα)
203 4306 239 4404 ἶ)-
294 4269 676 4405 i)1¹i⁹tir'1ir⁰⁵ii'1s⁰3¹‘25⁴'
702 4267 760 4325 titt.
781 4276 826 4332 rr.
852 4298 886 4312 -
930 4277 960 4340 ο)
980 4279 1075 4330 tnnoc.

137 4359 411 4408 .inecrea.1.
470 4363 570 4400 .ι..
609 4380 667 4397 ..

689 4429 740 4496 Fi
