2542 4898
225 658 299 729 144
365 638 512 722 Coteoh.
535 642 643 714 Rom.
675 644 716 714 P.
736 644 762 713 1.
814 646 872 719 De
899 648 1083 741 Symbolo.
1128 588 1136 603 ·

222 834 277 897 nie
304 830 453 912 mysterio
483 827 520 892 *e
566 826 691 892 licenda
714 826 782 892 vile
807 832 890 895 lunt.
918 850 962 895 ex
1013 833 1125 900 nibne*
1152 835 1240 921 [lunt

222 917 413 1006 explicite,]
444 924 479 977 nt
501 920 519 978 f
550 916 649 979 uteris
672 910 795 979 tructus
817 914 858 980 ed
878 938 940 981 noe
960 853 1141 985 reinndere
1162 922 1240 1009 pol·

225 1006 282 1080 lit,
314 1004 372 1065 illo
393 1003 429 1064 in
451 1000 569 1086 primis
590 999 703 1063 fideles
723 1002 880 1065 memorie
909 1015 1073 1152 repptere,
1106 1028 1144 1072 cc
1167 1016 1240 1074 l’tre-

223 1090 298 1176 pine
319 1087 460 1168 cogitare
482 1108 553 1149 cnm
574 1087 692 1149 animis
712 1087 778 1149 snio
799 1087 931 1165 debent,
984 1111 1058 1154 ento
1078 1092 1161 1171 effe,
1181 1095 1240 1183 qni

221 1180 395 1238 trurnenern
421 1192 548 1235 cernetn
576 1171 758 1263 ellnmplit3
792 1194 829 1236 ee
861 1195 939 1238 vcro
968 1179 1099 1241 rationo
1125 1181 1240 1245 lromi·

222 1280 297 1324 netu
330 1254 470 1333 sectum,
509 1277 604 1344 qoem
632 1269 741 1320 monle
774 1258 869 1322 nobie
899 1258 1020 1349 elleqni
1051 1285 1120 1328 non
1150 1266 1239 1342 licet,

223 1345 341 1409 nedum
362 1344 471 1406 verbis
494 1344 678 1426 explicere,
709 1344 752 1404 ob
779 1365 853 1406 curn
880 1343 1019 1435 deniqne
1046 1350 1146 1414 fineen
1172 1353 1239 1416 ho-

221 1432 342 1494 minent
364 1430 435 1492 fieri
458 1427 611 1503 volnille,
645 1437 681 1489 ut
701 1449 763 1490 noe
784 1429 937 1495 horninee
957 1434 1021 1495 filii
1050 1432 1113 1499 Dei
1142 1457 1240 1501 rene·

221 1522 388 1581 lcoremur.
431 1512 517 1575 Haec
540 1534 612 1576 curn
628 1523 751 1575 attente
767 1514 1046 1593 corilidereverint,
1064 1531 1135 1584 tom
1157 1543 1238 1587 voro

220 1602 329 1664 omnio
357 1598 522 1680 mysterio,
561 1618 639 1683 queo
661 1599 724 1659 hoc
752 1601 886 1663 articulo
903 1604 1133 1682 continemur,
1172 1609 1239 1671 hn-

218 1687 311 1762 mili,
335 1706 370 1747 ec
394 1683 485 1747 tideli
503 1681 612 1746 enirno
634 1682 780 1760 credent,
801 1697 835 1749 et
853 1686 1005 1760 odorentt
1027 1711 1086 1754 nec
1101 1694 1240 1772 cnriol‘e,

217 1771 303 1859 qood
324 1771 390 1834 fine
417 1770 562 1855 periculo
590 1769 650 1832 vix
670 1789 820 1855 uinquam
848 1773 921 1836 fieri
946 1774 1062 1860 potest,
1095 1778 1154 1841 ille
1183 1781 1239 1843 in·

218 1857 386 1939 vestigare,
418 1875 453 1918 nc
472 1854 664 1940 perscrutari
685 1856 799 1918 velint.
838 1888 841 1893 ·

221 1990 304 2077 [Qu.
323 2001 355 2061 7.
393 1984 490 2084 Quiri
509 1982 583 2074 fibi
601 1983 695 2064 volt,
724 1984 817 2073 quod
844 1982 930 2051 Chri
956 2010 1016 2053 um
1043 2014 1087 2056 ex
1113 1992 1237 2059 Morio

385 2092 526 2159 virgine
547 2079 673 2134 natum
693 2064 942 2159 profitemur.]

103 2196 159 2243 xtt.
178 2203 201 2251 7.
453 2176 588 2242 *Nenos
619 2200 663 2241 ex
694 2201 807 2243 uren
840 2202 997 2255 yrnorre.

257 2288 343 2351 llaec
353 2287 449 2349 altere
463 2286 521 2350 est*
535 2285 599 2370 [In]
614 2288 707 2370 hujus
719 2290 845 2351 articuli
859 2287 975 2374 [parte]
990 2288 1091 2376 *pern
1105 2289 1140 2353 in
1157 2296 1237 2378 que*

216 2372 408 2460 explicando
425 2372 588 2435 Perochue
602 2372 777 2454 diligenter
789 2376 978 2453 versabitur,
995 2398 1066 2439 curn
1087 2375 1238 2441 fidelibus

215 2457 407 2523 credendum
419 2460 465 2535 lit,
478 2458 586 2522 Jesurn
597 2458 763 2522 dominnm
775 2481 841 2523 non
852 2463 957 2524 solnm
968 2476 1157 2548 conceptum
1169 2465 1238 2550 lpi-

216 2547 295 2608 ritus
309 2545 409 2608 lancti
424 2546 554 2622 virtute,
571 2545 624 2607 led
642 2547 739 2607 etiem
750 2566 794 2607 ex
808 2545 909 2609 Morio
922 2549 1049 2627 virgine
1061 2560 1184 2626 netum,
1204 2562 1238 2612 et

217 2633 253 2696 in
275 2632 378 2694 lucem
400 2629 521 2693 editum
544 2630 619 2693 elle.
640 2632 727 2715 cnjne
749 2632 889 2711 rnylierii
921 2633 1002 2695 fides
1023 2646 1141 2719 quanto
1165 2656 1236 2698 cnm

215 2718 359 2792 laetitio,
381 2727 413 2777 et
424 2714 619 2800 jucunditate
638 2717 739 2779 enimi
759 2716 942 2780 meditando
957 2720 1012 2794 tit,
1034 2721 1142 2798 angeli
1158 2742 1236 2799 vox,

216 2803 272 2889 qni
293 2803 419 2887 prirnne
442 2800 661 2864 felicillitnom
687 2803 840 2865 nuncium
868 2803 989 2865 mundo
1011 2806 1141 2881 attulit,
1177 2807 1237 2869 de·

215 2891 324 2950 claret.
347 2888 393 2948 eit
414 2884 444 2966 9)
473 2887 580 2952 eninr:
601 2889 643 2966 ¹¹)'
676 2885 766 2950 Ecce
786 2886 989 2972 evangelizo
1018 2885 1113 2951 vobio
1137 2911 1236 2976 gan-

214 2971 314 3036 dium
336 2990 524 3056 magnum,
558 2969 648 3057 qnod
674 2969 745 3032 erit
771 2971 866 3033 omui
884 2970 1022 3058 popul.
1077 2974 1163 3038 Turn
1192 2998 1234 3038 ex

180 3120 183 3127 ,
213 3059 306 3119 illiue
329 3057 468 3119 coelestin
484 3056 623 3118 militiae
645 3057 787 3117 cantico:
805 3054 831 3135 i)
855 3054 978 3119 Gloria
997 3055 1036 3119 in
1056 3057 1234 3148 altiffimie

170 3206 175 3218 ,
214 3138 309 3219 Deo,
336 3149 372 3204 et
394 3139 431 3202 io
454 3149 549 3202 terro
566 3160 641 3224 pax
671 3137 867 3203 hominibne
895 3138 1002 3203 bonne
1025 3140 1234 3220 voluntatis,

215 3226 301 3314 quod
330 3226 437 3303 angeli
470 3225 669 3299 cecinerunt,
701 3221 796 3289 focile
825 3225 866 3288 eli
895 3227 1091 3308 intelligere.
1147 3230 1233 3293 Hinc

214 3313 312 3376 etiem
333 3308 562 3395 emplillimuur
585 3310 667 3372 illud
692 3307 756 3374 Dei
787 3311 976 3397 promilsurn
1006 3314 1045 3375 ad
1068 3311 1233 3379 Abrelrern

211 3397 344 3527 impleri
364 3408 511 3479 coeptum
532 3394 573 3456 ett
594 3393 648 3474 ¹⁰),
671 3397 722 3458 cui
742 3395 864 3459 dictnrn
883 3398 941 3475 est,
963 3395 1034 3461 sore
1047 3400 1230 3487 aliqnando,

209 3495 247 3546 nt
286 3491 300 3562 )
332 3481 368 3545 io
392 3481 466 3567 ejue
492 3475 625 3567 semine
648 3501 764 3542 omnes
782 3491 906 3566 gentes
936 3481 1230 3551 benedicerentur.

209 3567 312 3632 illaria
333 3565 437 3642 enirn,
467 3587 570 3653 quem·
582 3586 660 3629 vere
681 3577 816 3630 matrem
838 3566 901 3630 Dei
926 3570 1166 3654 praedicemus,
1199 3584 1231 3634 et

211 3656 367 3731 colimne,
402 3654 487 3741 quod
515 3673 584 3714 eam
606 3656 793 3736 personato,
823 3674 902 3738 queo
932 3656 1023 3716 timul
1056 3654 1165 3736 Dono,
1198 3670 1231 3727 et

208 3741 310 3806 homo
326 3749 411 3816 eret,
429 3739 575 3825 peperit,
595 3735 752 3800 eDevide
768 3759 842 3820 rege
865 3739 1027 3821 originem
1057 3742 1165 3807 duxit.
1185 3741 1228 3827 -Ι-

210 3874 290 3963 [Qu.
317 3888 349 3948 8.
381 3871 578 4043 Clrrsislnrne
600 3871 798 3960 secundnm
828 3897 1040 3940 communem
1078 3888 1229 3943 naturae

377 3978 441 4022 cnr
461 3980 520 4020 nm
541 3957 586 4044 est
609 3960 756 4044 notne?]

42 4162 53 4171 ἱ
113 4074 135 4117 ⁸·
274 4060 374 4130 *Sed*
395 4064 662 4152 quemadmodum
690 4069 857 4157 conceptio
884 4071 953 4156 ipse
982 4081 1115 4135 netnreo
1137 4070 1229 4134 ordi-

241 4316 275 4385 9)
293 4319 384 4386 inquit
407 4326 439 4368 nt
458 4315 556 4387 supro.
581 4347 617 4360 -
643 4320 693 4388 10)
714 4321 792 4389 impl.
816 4325 921 4388 incepit
946 4320 1049 4386 Alae,
1076 4319 1168 4392 Lngd.
1192 4331 1228 4383 1..

241 4386 406 4451 Col·1.2.3·,
421 4390 520 4457 Laod„
539 4390 619 4448 Vm..
634 4392 724 4464 Aug..
741 4395 834 4464 Mog.,·
852 4396 975 4461 lncoepit
989 4390 1228 4463 Am.,1.ugd.2.
1256 4462 1262 4475 .

242 4510 276 4577 h)
295 4510 363 4566 an·
377 4521 404 4580 2,
420 4537 456 4573 ro.
474 4542 511 4557 -
526 4515 552 4582 i)
571 4513 610 4569 lb·
631 4532 659 4570 r.
679 4536 713 4579 u.
733 4542 768 4559 -
794 4517 829 4583 lt)
841 4515 918 4583 „Gen
930 4522 982 4581 22.
1002 4533 1040 4580 ¹⁸·
1064 4519 1110 4581 262
1126 4538 1154 4582 ⁴·
