2542 4898
111 722 171 794 De
197 720 391 798 esnmibns
413 733 450 799 ei
463 720 782 809 :inerms-tincti.
796 727 913 805 :titio
960 760 1069 808 ms

60 927 168 995 „quse
189 905 392 1011 Anturrpise
418 930 505 974 suno
525 910 627 977 toto.
652 910 740 999 typis
761 909 894 978 Martini
915 912 1010 982 Nutii
1030 920 1066 985 in

33 1014 35 1019 ’
59 1003 197 1071 „oetsro
219 990 361 1080 prodiit,
391 1004 424 1060 et
442 1005 565 1060 tanturn
585 995 712 1086 priores
736 997 882 1088 quinque
904 1004 1067 1070 sessiones

59 1079 250 1156 „continete
276 1077 401 1142 contuli
424 1090 457 1143 ct
476 1081 594 1165 aliam,
626 1081 703 1169 lruic
723 1083 818 1147 valde
839 1083 990 1171 similem,
1013 1090 1066 1155 iti·

58 1163 156 1242 „dem
180 1163 309 1251 priores
330 1173 454 1228 tanturn
473 1167 622 1256 quinque
642 1168 818 1233 sessiones·
831 1171 1065 1257 continentem,

57 1271 165 1400 ”iiii
187 1249 781 1406 it“tt:tit.l?'¹⁸itsitlitt
793 1253 1066 1411 liittlffll·

58 1380 196 1510 :signos
220 1421 310 1485 Edit.
335 1420 439 1485 Anto.
462 1418 496 1489 et
514 1362 721 1490 Pomqiildss.
864 1365 885 1432 g
1046 1370 1066 1413 e

121 1504 217 1583 „Nec
240 1504 347 1594 piguit
362 1507 510 1573 conferre
532 1534 615 1594 eam,
638 1534 734 1598 quarn
749 1533 835 1576 suno
855 1511 955 1577 1547.
981 1514 1065 1580 Ant·

60 1593 211 1680 „rerpise
231 1591 265 1654 in
283 1602 393 1658 octsvs
414 1592 636 1660 iorms'edidit
659 1597 744 1661 idern
756 1594 916 1661 Martinus
929 1596 1065 1683 Nutius‚

60 1689 204 1766 „septem
228 1677 354 1764 priores
377 1679 539 1745 sessiones
562 1681 790 1760 exhibentem,
821 1694 858 1747 ut
887 1700 948 1750 trec
978 1708 1064 1766 enm,

59 1763 527 1916 ‘’it·t¹1..‘t:¹.imv'.22¹t..iit
529 1768 751 1920 miiiittt
775 1765 1064 1920 illiniti?

59 1872 166 2013 :iisse
186 1934 352 1999 sessiones
376 1898 584 2003 exhibentiam
598 1940 663 2017 2⁸),
686 1950 718 2006 et
740 1878 947 2027 quotidinae,
980 1944 1064 2005 Ant·

57 2020 244 2108 „verpiensi
264 2019 342 2084 lruic
364 2019 573 2088 simillimam.
629 2024 697 2089 llas
724 2024 895 2112 designant
923 2027 984 2092 liae
1005 2049 1064 2092 no·

57 2119 149 2186 „tsee
172 2107 264 2169 Edit.
288 2107 450 2172 Auen-et
470 2109 554 2173 Par.
578 2109 677 2174 1547.

116 2191 402 2293 „ldemprscstiti
423 2193 508 2259 cirea
527 2195 716 2275 editionem,
740 2217 835 2281 qrram
856 2216 942 2259 anno
959 2194 1062 2259 1517.

10 2344 12 2357 ,
56 2276 216 2357 „Lovsnii
239 2301 273 2340 rn
299 2287 409 2341 octava
431 2279 534 2345 iorma
559 2280 684 2368 publici
723 2280 789 2344 uris
812 2279 1063 2346 iccitlllsrtinus

57 2362 255 2445 „Rotarius,
289 2384 375 2450 quae
405 2364 500 2429 unice
530 2366 675 2431 continet
696 2306 823 2431 decreta
844 2367 884 2431 de
907 2370 1062 2432 reforma·

59 2451 175 2531 „tione
196 2448 356 2513 sessionis
374 2461 502 2531 sextae,
526 2464 559 2516 et
581 2453 737 2556 integram
760 2451 938 2517 sessionem
962 2454 1063 2540 septi·

56 2560 173 2614 „uram
228 2533 321 2597 llsno
352 2533 386 2596 in
415 2537 501 2601 serie
529 2538 723 2604 variantium
751 2539 813 2603 lroc
835 2539 930 2604 modo
953 2539 1060 2604 sisto:

57 2623 169 2699 ,Μὴ
191 2620 272 2684 Lon.
297 2619 399 2682 15t7.

120 2702 212 2782 „Nec
233 2703 385 2791 praeterii
408 2726 503 2784 enm,
541 2727 625 2792 quac
651 2728 737 2772 enno
763 2703 860 2772 1547.
883 2701 1063 2768 Mediolani
1174 2708 1182 2717 “

57 2788 116 2870 „iu
137 2800 248 2853 ocum
267 2788 328 2853 init
350 2788 500 2877 vulgate,
523 2813 628 2874 (puae,
650 2792 777 2878 priores
801 2798 924 2875 septem
946 2788 1063 2852 sessio-

56 2898 142 2954 „nes
164 2872 343 2958 continens,
367 2875 455 2938 inter
475 2875 649 2941 catholicas
666 2875 771 2966 prima
791 2885 852 2957 est,
876 2896 958 2963 quiae
972 2871 1061 2939 Sess.

78 3085 228 3148 postquam
246 3085 414 3152 spectandum
432 3084 541 3137 humano
559 3081 646 3149 generi
666 3086 836 3148 proposuerat
854 3078 951 3145 aldam,
978 3093 1064 3145 aquo

88 3168 156 3217 uno,
183 3155 254 3206 vetut
276 3172 293 3208 s
318 3155 405 3208 redies
429 3158 507 3221 rami,
532 3162 587 3207 tote
613 3153 720 3204 humana
739 3163 829 3204 natura
847 3157 966 3218 corrupta
984 3149 1062 3201 est2''

89 3232 141 3279 ete.
179 3227 263 3279 Quem
282 3226 388 3279 formam
409 3227 533 3280 diversam
551 3227 681 3277 decretum
699 3223 806 3275 illudes
826 3222 947 3290 peculiari
957 3223 1062 3274 Petrum

89 3295 301 3350 'tridentinorum
320 3302 520 3365 congregatione
539 3299 655 3355 traxisse,
672 3296 792 3362 deinceps
810 3310 874 3345 noso
891 3294 995 3344 decreto
1013 3308 1061 3360 pu·
1129 3303 1132 3309 ·

88 3367 158 3418 blica
176 3370 291 3421 sessione
309 3371 407 3422 sancito
432 3387 489 3423 esse
507 3371 677 3434 antiquatam,
703 3373 836 3417 censentes
855 3381 870 3416 a
888 3365 996 3415 veritate
1014 3379 1062 3430 pa-

88 3454 146 3490 rum
167 3439 259 3492 abesse
277 3441 400 3493 videmur.
453 3443 573 3493 Ceterum
599 3446 689 3490 auctor
707 3438 774 3489 iltius
792 3436 912 3487 editionis
931 3436 986 3486 sine
1011 3435 1060 3486 toci

90 3512 223 3562 mentione
241 3513 378 3577 evulgatae
395 3514 474 3573 latet;
499 3512 625 3576 siligine,
651 3509 693 3575 qui
718 3509 743 3558 in
762 3507 826 3559 libro
848 3509 863 3558 Ι.
883 3505 915 3560 Τ.
934 3505 954 3559 l.
974 3523 998 3573 p.
1008 3509 1061 3556 545

10 3598 12 3605 ·
90 3597 147 3647 sqq.
167 3588 222 3637 not.
243 3584 260 3634 1.
284 3585 412 3649 singulare
437 3582 497 3637 iilud
523 3585 653 3634 decretum
678 3580 747 3646 typis
773 3578 922 3645 exscripsit,
952 3579 1061 3644 primunr

10 3652 12 3671 ²
89 3653 231 3705 editionem
248 3654 321 3706 istem
342 3653 528 3707 Melenclathoni
547 3653 687 3714 tribuerat,
715 3649 774 3701 deiu
800 3663 861 3700 vero
880 3647 978 3700 felicius
997 3664 1060 3698 con-

86 3723 166 3790 jecit,
194 3725 332 3776 Petrum
360 3727 498 3778 Paulum
518 3724 720 3789 Vergeriunr
747 3720 853 3772 eandem
877 3721 902 3771 iu
920 3719 1060 3770 Germanis

88 3797 222 3856 muoso,
249 3797 366 3862 quamvis
382 3805 473 3850 euctor
496 3797 621 3862 aliquibus
645 3795 669 3846 in
697 3792 760 3844 tocls
783 3792 901 3843 simulate
919 3790 1059 3857 scripserit,

87 3866 116 3916 in
133 3866 187 3916 iaec
204 3864 268 3916 arbe
286 3869 380 3918 Romo.
399 3868 454 3935 (ci.
473 3868 533 3923 ibid.
551 3885 575 3936 p.
593 3869 653 3917 432.
673 3872 725 3916 not.
744 3862 793 3926 e).
828 3861 937 3914 Nomina
955 3862 1058 3928 episco-

87 3953 180 4006 porum
198 3937 257 3991 huic
275 3938 380 3991 editioni
398 3939 533 4007 adspersa,
562 3944 590 3989 ut
607 3938 674 3989 idem
688 3937 731 3988 ille
749 3934 868 3986 observat
886 3932 934 3996 (ib.
960 3950 984 4000 p.
996 3935 1059 3984 554.

87 4016 142 4062 not.
162 4017 190 4061 et
206 4009 240 4062 T.
260 4009 306 4063 lil.
326 4027 351 4077 p.
358 4010 443 4077 1321),
459 4009 609 4079 imperfecte
628 4016 687 4059 sunt
700 4022 731 4059 ac
744 4005 873 4058 mendosa.
886 4029 920 4043 -
954 4005 986 4066 4)
1002 4003 1059 4052 De-

87 4089 165 4130 creta
183 4079 291 4131 Consilii
310 4078 474 4144 Tridentini,
500 4081 640 4133 Bononiae.
659 4083 737 4131 1546.
762 4078 787 4129 in
808 4075 860 4140 iol,
878 4090 927 4142 qua
945 4074 1058 4126 editione

87 4155 154 4204 Acts
172 4152 275 4203 concilii
293 4151 383 4205 iudea
409 4154 490 4219 prims
515 4168 595 4217 usque
613 4148 645 4203 ad
663 4151 787 4202 decimam
806 4148 952 4199 Sessionem
974 4146 1057 4226 couti-

86 4223 142 4276 neti
160 4222 306 4292 perhibent.
323 4250 357 4263 -
392 4227 443 4292 28)
460 4224 508 4276 sub
526 4225 614 4276 titulos
641 4224 784 4272 Decretum
810 4217 841 4268 de
857 4216 1058 4282 Juatificotaone

81 4292 197 4366 sactum
215 4294 243 4346 in
259 4296 445 4364 genenconc.
466 4294 623 4346 Tridentino
639 4291 762 4363 ὁζγηοᾱοῑ
778 4289 842 4340 item
860 4286 937 4338 aliud
955 4288 1054 4364 Decre-

85 4374 145 4416 turn
161 4365 193 4416 ds
209 4364 393 4417 Sucronensis
408 4364 542 4417 Ecclesiae
558 4374 587 4416 et
609 4362 640 4414 de
656 4359 813 4414 Residentio
830 4377 863 4412 nc
879 4354 1057 4430 reformandis

82 4435 114 4490 io
129 4436 250 4492 Ecclesia
266 4433 430 4490 mendacin
449 4435 509 4493 Via
525 4444 554 4490 ci
572 4435 647 4491 Vile
664 4432 791 4485 Sestiana.

695 4518 781 4584 Ι1119
