2542 4898
207 752 320 801 mxu
392 723 647 824 Prolepomenn
664 720 836 797 ‚historica
863 720 1024 795 literaria.

206 906 413 997 oetava⁶⁹)
440 916 473 970 et
494 902 717 993 quartam).
761 902 932 970 Editiones
955 901 1051 967 Pauli
1078 900 1225 972 Maeotii

208 995 374 1062 Romanae
388 1002 429 1056 ‘et
448 990 530 1057 Aioi
547 990 691 1076 junioris
713 988 920 1076 Venetse⁷¹i
934 989 1115 1077 pluresque
1136 991 1224 1058 alise

207 1080 349 1147 seriores
380 1077 527 1166 vestigiis
560 1076 691 1142 illarum
730 1076 936 1140 inhaerentes
970 1085 1095 1139 textum
1126 1074 1223 1144 Cate-

207 1164 326 1231 ehismi
348 1162 446 1231 Rom.
466 1161 624 1227 exhibent
639 1185 746 1251 neque
762 1161 915 1226 Partilnrs
932 1159 1085 1240 divisum,
1111 1185 1222 1251 neque

207 1249 382 1340 Capitibus
402 1248 700 1330 Quaestionibusve
721 1248 927 1323 distinctum,
958 1246 1016 1310 sed
1038 1246 1147 1333 potius
1169 1272 1222 1313 se·

206 1336 255 1403 rie
276 1336 346 1400 lere
374 1333 546 1410 continua,
566 1333 629 1400 ,hie
656 1333 728 1398 illie
757 1329 978 1398 tantummodo
1009 1331 1079 1396 sive
1110 1355 1222 1401 reru·

205 1430 470 1512 pertractaturum
495 1418 766 1506 inscriptionibus
788 1419 875 1507 typis
898 1416 1111 1504 capitalibus,
1135 1441 1221 1520 quos

204 1515 336 1585 vocant,
359 1504 534 1594 expressis,
559 1504 629 1569 sive
651 1504 725 1568 aliis
745 1503 925 1569 intervallis
938 1502 1221 1571 albisminorrbus

204 1591 373 1661 manum
394 1590 622 1678 separantibus
644 1589 845 1678 interrupta,
875 1589 918 1654 ita
943 1598 980 1652 ut
1000 1588 1149 1677 singulae
1174 1601 1221 1656 to·

204 1677 272 1745 tius
293 1673 405 1779 operis
421 1676 598 1765 porticulae
616 1675 725 1741 minus
743 1676 829 1741 elare
852 1675 887 1740 in
905 1672 1019 1740 oeulos
1036 1673 1220 1741 incurrant.

205 1762 262 1829 Ab
284 1761 380 1827 initio
400 1762 506 1827 textui
529 1762 627 1850 praeli
699 1772 752 1825 tur
771 1760 893 1827 verber
928 1758 1157 1833 Cuteohisnsus
1177 1786 1223 1828 ex

206 1850 347 1915 Deeren
385 1846 526 1913 Consilii
557 1785 746 1913 Tnibhhnt
768 1847 814 1911 usi
836 1845 1022 1923 Parentes,
1053 1842 1221 1913 Sanetus

206 1935 254 2009 D.
275 1935 325 2000 Ν.
349 1933 406 1999 Pit
431 1932 551 2036 Quinti
565 1934 675 2034 jussu·
688 1933 806 2033 editus.
852 1932 907 1997 At
930 1930 1108 2033 marginem
1128 1931 1222 2082 pagi·

207 2040 323 2087 nsrnm
342 2041 506 2106 eousprcrs
522 2042 696 2083 summaria
714 2041 783 2083 srve
805 2028 1008 2107 argumenta,
1029 2027 1109 2081 rtem
1142 2039 1222 2085 neos

209 2102 401 2192 Scripturas
421 2128 551 2186 saeros,
579 2104 639 2193 qui
666 2114 773 2169 tamen
795 2104 905 2169 miuus
926 2112 1074 2168 aeeurate
1102 2125 1222 2169 seeum

209 2189 287 2256 dum
309 2188 414 2277 eopitu
436 2189 556 2269 solum,
578 2214 643 2253 non
665 2213 792 2270 versus,
816 2189 1018 2291 allegantur:
1041 2187 1127 2252 diets
1142 2212 1222 2254 vero

87 2324 90 2329 .
208 2284 336 2363 patrum
358 2274 441 2353 ecel.
465 2285 498 2340 et
521 2275 769 2339 constitutiones
791 2274 1015 2339 Correrlrorum
1043 2273 1114 2338 fere
1134 2297 1221 2338 uun·

234 2382 307 2426 uam
331 2358 471 2427 indicata
491 2372 588 2443 suut3
620 2362 811 2448 repetuntur
831 2360 940 2449 potius
964 2381 1050 2423 mera
1073 2358 1221 2440 nomina,

209 2382 252 2511 le
274 2440 395 2532 quibua
427 2442 462 2510 in
489 2441 642 2519 contextu
675 2470 781 2511 sermo
812 2458 872 2510 est.
942 2443 1049 2527 Quam
1071 2444 1152 2510 libri
1172 2445 1221 2510 l‘a·

210 2530 293 2595 siem
306 2528 522 2597 consimiliter
536 2555 614 2623 prae
635 2554 672 2594 se
692 2531 758 2595 lert
779 2531 885 2595 versio
907 2529 1032 2608 Italica,
1055 2553 1140 2618 quae
1162 2553 1220 2619 ps·

208 2614 292 2681 riter
319 2637 404 2680 anno
428 2617 527 2682 1566.
557 2616 704 2703 ejusdem
733 2616 786 2680 Pii
809 2616 853 2680 V.
884 2615 1073 2681 nuetoritste
1095 2614 1224 2681 Rornae

234 2722 352 2765 ermom
381 2701 593 2791 evulgabatur
630 2701 692 2771 sub
729 2702 847 2767 titulos
889 2700 1110 2783 Coteehissno.
1151 2702 1221 2767 eine

209 2724 420 2867 lah-uitione,
437 2788 577 2871 secennio
599 2787 625 2852 il
637 2788 763 2854 decreto
784 2788 838 2853 del
855 2786 1001 2852 Concilio
1024 2787 1060 2850 sii
1083 2788 1220 2868 Trento,

210 2870 243 2935 α’
265 2864 424 2949 Puroeln',
446 2870 690 2961 publicationes·
711 2875 983 2939 eornanclnmento
1005 2870 1060 2935 dei
1079 2876 1218 2939 senties.

211 2953 250 3022 S.
275 2957 322 3022 Ν.
344 2957 440 3043 Papa
463 2960 524 3020 Pio
550 2958 593 3021 V.
614 2967 646 3020 et
666 2959 808 3022 truslotto
831 2962 888 3047 poi
905 2982 966 3045 per
986 2958 1103 3022 ordine
1123 2960 1162 3022 di
1180 2956 1219 3024 S.

426 3070 652 3082 -u-——n

248 3121 289 3168 est
306 3116 383 3167 lenite
400 3117 433 3167 tie
455 3118 617 3168 reconnoitre
636 3132 667 3167 en
688 3123 837 3184 comparant
856 3120 893 3168 ies
912 3118 1081 3187 exemplsires
1098 3117 1132 3170 de
1151 3117 1220 3170 i’aoe

247 3195 275 3240 et
295 3186 386 3238 i'sutre
404 3188 516 3250 e'dition3
545 3187 608 3238 rosis
634 3189 651 3238 ii
671 3196 713 3252 n’y
731 3204 747 3240 a
765 3204 846 3240 aucun
866 3189 941 3241 choix
960 3192 975 3242 i
995 3192 1056 3241 tetre
1078 3196 1167 3242 entre·
1181 3191 1219 3241 ies

249 3254 346 3311 deuu.”
361 3285 393 3296 -
432 3259 482 3323 69)
502 3259 596 3323 iegitur
612 3259 638 3310 in
655 3259 706 3311 tine
724 3261 790 3312 tituli
812 3261 887 3324 itrrjns
912 3262 1031 3313 editionis
1049 3263 1074 3313 iu
1093 3266 1127 3312 82
1141 3258 1219 3311 'curn

244 3327 386 3397 privilegio
409 3328 455 3380 Pit
473 3331 506 3380 V.
531 3332 611 3382 Pont.
630 3330 707 3382 Max.
730 3340 758 3381 et
781 3331 901 3398 Phihppi
925 3331 1120 3401 Hispaniarum
1136 3331 1227 3403 Regis·

247 3416 296 3468 pst·
321 3399 471 3450 universum
488 3401 575 3468 Regni
588 3401 772 3469 'Neapolitani
790 3402 921 3457 ditionem.
967 3404 1139 3459 Renouatdtts
1156 3404 1173 3455 l.
1193 3420 1218 3457 c.

250 3469 447 3539 „reimpresnion
466 3472 500 3524 do
518 3472 672 3538 precedent:
691 3477 744 3524 ooo
758 3490 851 3542 peges,
868 3478 885 3524 4
903 3474 1014 3526 ieniiiets
1032 3489 1065 3525 su
1083 3488 1218 3527 commen-

208 3556 212 3561 ·
250 3548 367 3615 censent,
387 3548 419 3595 it
437 3544 601 3606 biennes
620 3549 639 3593 ‘J
657 3545 752 3597 biancs.
773 3546 854 3612 Apris
871 3546 897 3598 ie
916 3547 1040 3613 privilege
1059 3545 1092 3597 ds
1110 3546 1159 3599 Pie
1176 3546 1217 3610 V..

208 3632 212 3643 ·
247 3612 325 3680 qu‘oo
340 3615 396 3665 voit
416 3613 478 3666 dans
497 3614 643 3677 Pin-totio,
670 3630 704 3667 on
730 3630 761 3666 eo
788 3625 878 3667 trouve
901 3618 964 3668 dans
989 3624 1058 3669 cette
1076 3616 1244 3683 rsinpres-'

249 3686 305 3736 n'ou
324 3684 392 3736 deux
409 3694 497 3738 autres
514 3685 709 3750 (inquiadeoirn
724 3686 818 3752 sonos)
836 3687 869 3738 ‹ie
883 3687 1001 3755 Phiiippo
1020 3687 1063 3753 ti,
1081 3689 1121 3741 roi
1138 3684 1217 3739 d'sss-

249 3770 333 3823 pugne
352 3763 380 3807 et
394 3756 440 3808 des
456 3754 536 3808 'Deus
555 3758 655 3820 stetten,
675 3759 724 3808 t'nn
740 3774 804 3824 pour
821 3759 892 3810 istst
909 3760 943 3811 de
955 3760 1061 3825 Napies.
1081 3754 1217 3811 st'i'sutrs?

248 3840 316 3892 pour
331 3828 357 3878 ie
374 3827 500 3879 Mitomis.
514 3854 550 3864 -
593 3828 642 3891 70)
659 3829 805 3880 Editionenr
818 3832 855 3881 ·in
880 3830 960 3883 torma
984 3839 1074 3896 quarta
1092 3827 1217 3899 :comme-

249 3902 333 3949 norat
356 3903 384 3949 et
400 3897 610 3963 Lego-arsisius
627 3900 643 3950 Ι.
664 3901 679 3952 t.
699 3918 723 3967 p.
742 3901 865 3953 xxxix.
893 3910 920 3952 et
936 3901 1108 3953 Renouurdus
1128 3899 1163 3955 T.
1183 3900 1217 3952 li.

248 3982 276 4034 p.
293 3971 363 4028 tit..
380 3969 470 4022 uetitis
488 3976 571 4022 tamen
588 3973 748 4023 emoratiore
767 3987 816 4022 non
829 3973 960 4040 adspersu.
973 4000 1004 4010 -
1041 3973 1091 4037 tt)
1105 3972 1219 4025 Renou-

246 4037 326 4090 anius
343 4038 376 4095 Τ.
395 4039 428 4092 ii.
446 4058 471 4108 p.
489 4044 552 4093 841.
579 4050 711 4095 enumeret
736 4043 861 4096 editiones
879 4041 1033 4096 catechismi
1052 4044 1218 4096 Maeotiam

211 4122 214 4127 ·
247 4114 324 4172 osto,
341 4125 372 4162 ee
390 4112 491 4181 quidem
502 4127 555 4165 sex
572 4115 706 4164 Ronanus
724 4115 804 4166 Pauli
816 4116 940 4178 bisontii,
965 4115 1029 4166 duas
1047 4112 1120 4178 itit,
1140 4113 1218 4166 Pauli

247 4178 301 4243 iiiii,
332 4181 462 4248 Venetas,
486 4182 534 4236 boe
552 4184 658 4235 ordines
676 4186 710 4236 tt.
733 4190 809 4239 titio.
828 4185 1020 4240 Csterhismus,
1047 4201 1081 4237 ex
1101 4186 1218 4238 Deereto

247 4249 438 4305 constitisti.
456 4255 480 4305 in
494 4256 538 4307 iol.
549 4278 583 4294 -
602 4250 636 4306 ll.
658 4259 735 4307 isso.
752 4256 833 4311 idem.
848 4259 874 4308 in
891 4263 917 4309 8.
934 4285 970 4297 -
988 4258 1112 4311 misso.
1131 4257 1216 4312 luen.

246 4320 270 4372 ln
288 4326 314 4371 ti.
335 4322 415 4375 editio
432 4326 530 4378 attero.
549 4353 584 4363 —
601 4325 637 4380 R.
652 4331 728 4380 intio.
748 4327 827 4382 ldent.
846 4330 870 4380 in
887 4333 912 4382 4.
926 4357 962 4369 -
979 4328 1015 4381 R.
1034 4332 1113 4381 leot.
1130 4326 1216 4381 lde-b

243 4391 270 4445 in
286 4396 313 4446 s.
332 4418 368 4435 -
395 4396 430 4453 ii.
451 4401 527 4450 iotis.
547 4396 626 4451 idem.
653 4394 679 4450 iu
696 4404 723 4451 ti.
742 4426 776 4436 -
807 4401 839 4454 V.
859 4404 936 4454 itio.
953 4399 1035 4455 idam.
1052 4399 1079 4453 iu
1096 4402 1143 4466 8.,
1169 4398 1215 4466 iz.
