2542 4898
23 682 33 735 ·'
146 727 155 753 ι
205 673 280 753 306
319 668 469 740 cotom.
494 666 604 736 Rom.
653 664 694 735 P.
719 666 762 737 ΙΙ.
805 664 864 736 De
887 664 1137 741 Snorementie
1196 722 1200 731 .
1236 682 1248 693 ·

206 854 291 1004 iiii
311 852 508 1012 bittit?
521 860 841 1001 6Ἦὲὲέῗίιέ
863 860 1032 1025 iiiiii„
1046 854 1218 1013 'biiii'

194 1025 375 1103 tuendum,
403 1023 512 1098 duria,
539 1043 575 1086 ur
594 1020 767 1087 monitori·
787 1020 1002 1103 indigebunt?
1033 1018 1135 1089 Recte
1149 1024 1218 1107 igi·

111 1151 114 1155 -
206 1124 259 1174 tor
288 1109 326 1172 ad
351 1110 446 1192 hujur
467 1127 594 1195 quoque
613 1111 800 1173 ferramenti
830 1107 1136 1175 administrationem
1156 1132 1218 1197 pa·

206 1193 486 1259 trini.advocendi
507 1198 590 1271 funt,
611 1195 800 1281 quibuscum
821 1194 931 1281 erdem
946 1190 1126 1280 spiritualia
1145 1196 1219 1261 afl-

207 1282 291 1346 uitar
326 1281 546 1363 conjungitur,
577 1299 660 1367 quae
691 1280 838 1360 legitima
869 1281 1056 1367 nuptiarum
1085 1276 1219 1347 foedera

207 1367 361 1454 impedit,
382 1378 416 1429 ut
431 1362 477 1442 ¹¹)
497 1377 590 1428 antee
609 1365 795 1443 docuimus,
824 1386 898 1431 eoru
918 1366 959 1430 de
979 1365 1121 1450 patrinis
1139 1388 1219 1451 age·

206 1465 311 1528 retur,
332 1451 388 1538 qui
409 1450 448 1514 ad
470 1448 668 1538 baptismum
688 1449 865 1517 adbibeudi
884 1450 968 1517 ient.
986 1448 1032 1536 -Ι-

208 1608 292 1697 [Qu.
315 1618 366 1684 ro.
408 1606 591 1677 uernum
632 1582 749 1679 m
784 1609 975 1701 caristiam·
1019 1606 1220 1698 confima-

415 1694 523 1762 tiooie
540 1692 805 1778 sacromentum
816 1696 1047 1786 surripereil

71 1812 210 1877 ...tt·¹¹¹¹·
273 1804 373 1871 *sot*
392 1805 545 1894 quoniam
566 1809 661 1895 saepe
681 1807 809 1884 evenit,
837 1817 875 1871 ut
893 1806 1008 1872 fideles
1028 1806 1064 1871 iu
1084 1806 1150 1871 boc
1169 1810 1222 1873 u-

208 1904 370 1957 cramento
405 1890 624 1977 suscipiendo,
664 1902 719 1955 eut
753 1904 970 1980 praepropera
1007 1884 1221 1967 festinatione,

208 1991 261 2041 aut
282 1976 432 2042 diffututa
454 1976 586 2065 quedam
607 1977 825 2059 negligentia,
852 1989 885 2043 et
903 1978 1105 2043 cunctatione
1125 1990 1223 2043 utan-

210 2074 277 2141 tur,
314 2062 404 2145 (narn
424 2060 465 2126 de
481 2061 544 2140 iia,
574 2062 632 2150 qui
650 2062 691 2125 ed
712 2082 788 2127 eum
807 2063 986 2149 impietatie
1006 2061 1140 2146 gradum
1160 2082 1223 2129 ve·

208 2161 336 2225 uerunt,
369 2158 405 2212 ut
430 2147 514 2211 illud
544 2157 767 2225 contemnere,
803 2162 835 2212 et
858 2148 1042 2236 adspernari
1071 2149 1222 2226 audeant,

209 2235 296 2297 nihil
329 2234 370 2297 est
401 2233 487 2319 quod
519 2232 676 2312 dicamur)
706 2231 913 2321 aperiendum
951 2235 992 2298 eti
1027 2234 1125 2298 etiarn
1158 2234 1222 2297 Ρι-

209 2319 360 2395 floribus,
392 2318 466 2466 pui,
500 2340 562 2406 qua
591 2329 715 2403 aetate,
747 2340 810 2406 quo
840 2321 968 2404 pietatis
987 2320 1088 2383 tiudio
1123 2340 1220 2405 prae·

210 2403 272 2467 diti
300 2404 365 2469 effe
418 2406 545 2479 ebeant,
569 2404 684 2492 quibua
706 2400 991 2470 Goufirrnutionern
1022 2406 1097 2468 dere
1119 2427 1222 2492 opor·

130 2494 267 2554 ¹¹V0tet.
331 2486 439 2577 Atque
470 2487 554 2553 illud
587 2492 622 2552 in
654 2490 771 2578 primis
800 2489 977 2555 docendum
998 2491 1049 2567 est,
1079 2491 1144 2554 hoc
1173 2495 1223 2556 sa-

207 2590 402 2641 crumentum
419 2581 462 2651 11)
484 2574 642 2659 ejusmodi
674 2576 895 2662 necestitatern
921 2600 987 2640 non
1018 2578 1154 2653 babere,
1186 2589 1221 2640 ut

208 2663 273 2725 fine
296 2685 335 2726 eo
358 2665 464 2726 salvor
491 2662 565 2748 quie
594 2659 657 2725 effe
688 2683 755 2724 non
785 2663 891 2746 pottir.
924 2683 1114 2749 quemquem
1141 2683 1220 2727 vero

209 2748 415 2812 necess'eriuru
438 2769 504 2811 non
526 2748 583 2823 efl,
605 2769 624 2810 a
643 2747 774 2810 nemine
798 2759 902 2812 ternen
924 2747 1142 2834 praetermitti
1163 2747 1220 2813 de·

210 2834 281 2900 bet:
300 2835 352 2898 sed
365 2834 474 2920 potius
486 2833 626 2898 maxime
641 2831 815 2895 cavendum
829 2832 870 2895 ott
881 2855 933 2906 ne,
953 2834 988 2898 iu
1000 2856 1034 2896 re
1046 2835 1222 2898 senctitetie

210 2918 322 3004 plene,
355 2941 414 3005 per
442 2940 535 3004 quem
556 2916 652 2982 nobie
674 2917 786 2981 divine
807 2940 937 2983 munera
960 2931 1025 2982 tem
1046 2920 1137 2998 large
1157 2920 1221 2982 im·

210 3006 404 3089 pertiuntur,
425 3005 533 3091 ulique
551 3001 749 3085 negligentia
769 3005 1005 3067 committetur:
1027 3003 1113 3088 quod
1134 3007 1221 3068 enirn

212 3092 362 3155 omnibus
385 3088 598 3152 communiter
617 3088 656 3149 ad
683 3089 966 3152 sanctificationem
989 3088 1076 3152 Deus
1096 3112 1221 3176 propo-

211 3178 292 3249 suit,
313 3178 350 3236 ob
372 3175 521 3238 omnibus
543 3174 639 3235 etiem
664 3175 784 3235 sommo
804 3175 903 3239 [iudio
926 3174 1145 3259 expetendum
1171 3176 1222 3239 ed.

129 3290 135 3308 ι
214 3256 263 3323 Ac
284 3264 407 3323 sanctus
428 3258 559 3345 quidem
573 3256 685 3333 Lucas,
702 3281 772 3321 curn
795 3260 1016 3324 admirabilem
1035 3260 1129 3324 illam
1146 3261 1224 3349 Spi-

214 3345 294 3409 ritue
324 3345 422 3407 functi
443 3345 629 3408 effutronem
651 3344 858 3421 describeret,
887 3347 931 3407 itu
962 3346 1087 3433 inquit:
1105 3352 1139 3419 ¹)
1175 3346 1221 3411 Et

211 3426 331 3509 lectur
350 3427 398 3519 est
421 3438 560 3516 repente
578 3427 621 3493 de
642 3427 735 3492 caelo
754 3427 857 3510 fomur
879 3439 1059 3517 tamqnam
1079 3429 1223 3495 adveni·

213 3514 304 3578 entis
322 3513 474 3601 spirituo
492 3512 711 3592 vehementis,
730 3522 763 3578 et
779 3512 923 3598 replevit
945 3523 1055 3578 totum
1072 3514 1224 3579 domum.

213 3596 355 3678 Deinde,
382 3601 492 3682 paucio
512 3600 705 3682 interjectis,
721 3601 754 3679 t)
779 3597 828 3663 Et
851 3597 977 3687 repleti
987 3598 1081 3687 sunt
1107 3622 1225 3666 omnes

216 3682 356 3771 Spiritu
373 3684 508 3775 sancto.
569 3684 621 3749 Ex
648 3686 763 3772 quibus
789 3687 897 3747 urbia
928 3686 1005 3748 licet
1026 3685 1226 3768 intelligere,

215 3771 367 3856 quoniam
388 3770 503 3859 dompo
523 3769 581 3834 ilia
602 3770 724 3835 sanotae
741 3769 894 3834 Ecclefiae
913 3772 1064 3852 figuram,
1085 3783 1121 3836 et
1141 3776 1226 3837 ima·

214 3855 322 3935 ginem
350 3858 494 3937 gerebat.
532 3855 570 3919 od
600 3877 713 3920 omnes
746 3855 858 3920 fideles
879 3855 1145 3921 confirmationie
1177 3858 1227 3923 ia·

215 3940 433 4019 crementum,
459 3943 546 4027 cojue
570 3941 702 4005 initium
725 3945 763 4004 ub
785 3962 824 4006 eo
846 3941 901 4007 die
921 3941 1052 4007 ductum
1073 3944 1128 4023 eii,
1149 3966 1226 4031 per·

250 4137 300 4204 tt)
318 4137 550 4206 quemadmodum
563 4161 614 4214 pro
630 4153 662 4197 ut
674 4139 755 4194 Febr.
773 4149 801 4192 er
821 4142 887 4196 Verr.

250 4244 288 4307 w)
305 4228 391 4297 Cone.
408 4241 482 4297 tttib.
499 4259 560 4298 can.
576 4251 621 4308 77.
641 4245 680 4313 (ρ.
693 4244 751 4311 18.)
769 4245 860 4300 ttxon.
873 4263 897 4303 a.
915 4251 995 4308 1287·
1012 4250 1228 4319 ⁰·1·(tt·785·)

251 4312 367 4369 Hieron.
391 4315 452 4371 adr.
477 4311 599 4370 Lucifer.
627 4321 695 4378 ιι.9.
729 4316 771 4386 (p.
781 4322 833 4378 181
847 4315 902 4387 tq.)
924 4317 1058 4387 (treton)
1101 4339 1132 4391 p.
1157 4343 1176 4377 u
1202 4334 1229 4385 9.

252 4384 365 4453 (orno
380 4388 411 4438 ro
430 4387 504 4447 rar-t
524 4383 635 4449 teuton,
652 4384 753 4456 amit)
777 4386 855 4446 nom.
876 4387 911 4443 ιι
936 4387 1017 4449 reor.
1038 4361 1229 4465 (126⁴ss-

252 4454 505 4523 ¹)A⁰t·t»r·-
542 4457 576 4524 ι)
595 4455 711 4511 ibae.
904 4474 908 4485 ·
