2542 4898
209 672 278 720 xan
397 644 649 746 Prolegomena
674 642 836 719 historica
861 643 1025 719 literaria.

208 829 304 895 diana
332 826 475 894 editione
512 852 587 894 eum
618 827 723 893 Platio
754 825 1014 929 depromimus,
1057 830 1213 897 secundis

209 915 298 981 euris
324 916 517 1003 recognitas.
588 913 640 979 Ne
670 924 777 977 autern
799 913 855 978 alla
878 925 1005 1000 patrum
1029 915 1162 981 nomina
1184 928 1218 983 et

208 1012 305 1065 notae
338 1001 385 1065 eis
417 1001 588 1085 adjunctae
610 1000 747 1064 nimium
769 1000 958 1087 paginarum
980 999 1137 1065 ambitum
1161 1026 1218 1068 ex·

208 1085 361 1177 plorent,
394 1087 530 1174 catalogi
552 1086 606 1149 isti
622 1087 726 1150 literis
741 1085 933 1149 minusculis
949 1085 1106 1152 adhibitis
1130 1112 1217 1154 eoru·

208 1173 387 1262 pendiose,
412 1185 447 1235 ut
472 1173 513 1236 ita
536 1172 654 1252 dicam,
675 1170 963 1236 anobisadornati
985 1184 1073 1235 sunt.

272 1258 460 1321 Orationem
493 1257 740 1345 Hieronymi
774 1257 991 1345 Ragazoni
1030 1258 1063 1321 in
1099 1256 1216 1322 nltima

208 1342 350 1409 Concilii
372 1344 467 1409 Trid.
490 1345 637 1409 sessione
668 1344 833 1423 habitam,
861 1365 965 1429 quae,
1000 1354 1037 1405 ut
1058 1342 1217 1408 Claillletii

207 1430 317 1496 verbis
351 1443 445 1509 utar,
481 1441 530 1495 est
562 1428 844 1511 α’νακεφαλαίωυις
877 1427 946 1491 sire
968 1453 1092 1492 summa
1115 1428 1217 1494 totius

206 1515 256 1581 rei
287 1516 320 1578 in
343 1514 493 1581 Concilio
527 1527 758 1603 pertractatae,
790 1513 927 1577 editioni
948 1527 1078 1579 nostrae
1101 1514 1217 1579 deesse

207 1600 385 1666 noluimus.
450 1601 579 1666 Tertas
601 1602 672 1686 rjus
697 1599 939 1679 Clrilllctianns,
962 1625 1059 1688 quem
1082 1599 1218 1702 quidem

207 1686 348 1753 Plotium
375 1687 516 1754 insecuti
540 1688 737 1775 recepimus,
769 1686 907 1749 collatas
925 1698 974 1750 est
993 1686 1121 1751 anobis
1141 1708 1217 1750 cum

207 1794 265 1852 eo,
288 1772 345 1874 qui
368 1775 401 1837 in
427 1775 491 1837 liae
512 1773 629 1839 latinae
650 1771 805 1836 editionis
818 1770 913 1835 Pauli
927 1770 1035 1859 Sarpii
1056 1770 1215 1857 historiae

207 1855 348 1921 Concilii
381 1859 476 1922 Trid.
514 1859 608 1947 Lips.
640 1859 742 1922 1699.
777 1857 811 1920 in
841 1856 877 1920 ¹1.
901 1855 1043 1944 legitur,
1077 1881 1119 1921 ex
1150 1879 1218 1945 quo

204 1940 248 2008 T.
270 1942 314 2008 ll.
337 1966 373 2030 p.
393 1946 474 2009 279.
507 1944 569 2009 lin.
592 1945 647 2010 17.
677 1946 815 2009 miraime
843 1965 905 2031 pro
937 1947 1083 2010 maxime
1104 1941 1218 2032 posui·

205 2052 291 2094 mus.

271 2112 625 2214 constitutiones
665 2137 714 2179 ex
747 2114 925 2209 antiquo
953 2114 1054 2214 jure
1086 2110 1217 2179 desum·

204 2198 817 2373 tltatittlltttltl'nltlttlt
842 2213 1016 2351 {liiiiill
1039 2210 1217 2349 illidii?

205 2371 317 2437 stitnta
350 2395 422 2436 cum
456 2371 600 2435 editione
624 2371 781 2459 Corporis
801 2371 886 2455 juris
907 2371 1079 2453 canonici,
1118 2393 1219 2457 qrram

206 2458 414 2522 concinnavit
434 2456 468 2521 J.
494 2456 539 2519 ll.
552 2457 667 2520 Boela
676 2480 837 2520 merus:
874 2456 928 2520 cui
959 2458 1054 2521 etiam
1078 2455 1219 2520 debetur

205 2543 358 2608 lectionis
390 2542 528 2607 varietas
560 2543 690 2629 parcius
713 2543 878 2629 adspersa.
929 2541 1063 2608 Notnlis
1093 2541 1218 2606 indies·

205 2639 279 2708 tur,
315 2629 354 2691 ad
388 2652 561 2716 quemnam
596 2628 739 2693 Concilii
767 2629 920 2693 'l‘ridcnt
950 2627 1060 2694 locum
1076 2627 1219 2718 quaevis

204 2713 334 2781 illarum
354 2714 632 2778 Constitutionum
656 2714 824 2779 reserenda
848 2714 903 2777 sit.

272 2799 464 2887 Sequuntur
487 2800 519 2864 in
546 2800 690 2864 editione
720 2811 830 2863 nostra
854 2797 1043 2885 llegulae
1076 2794 1220 2864 deceni

206 2882 406 2950 delibris
446 2886 714 2969 prohibitis,
749 2885 871 2971 quibus
903 2883 1005 2948 relati
1028 2882 1134 2968 Lydio
1171 2884 1218 2948 la·

205 2970 308 3059 pide,
346 2982 381 3033 ut
402 2968 584 3033 Claissletins
606 2969 651 3031 ait
675 2969 709 3032 in
728 2971 879 3055 praelat,
910 2968 989 3031 boni
1011 2968 1144 3032 amalis
1167 2993 1219 3034 se·

205 3066 392 3121 cernantur.
447 3054 641 3138 Adjecimus
679 3055 802 3118 eisdem
842 3055 1022 3142 parciorem
1064 3053 1220 3119 lectionis

206 3141 405 3205 varietatem.
462 3140 568 3202 Index
594 3161 670 3203 vcro
693 3140 851 3205 librorum
881 3139 1119 3227 prohibitorum
1142 3139 1220 3205 Tri·

207 3226 361 3291 dentinns
395 3225 555 3288 omittitur
585 3225 745 3306 anobis,
785 3227 910 3314 qnippe
932 3225 989 3313 qui
1012 3248 1087 3288 eum
1109 3224 1220 3293 Platio

208 3323 242 3377 et
280 3310 442 3374 Clrillletio
479 3322 542 3373 tam
573 3320 662 3375 rasta
693 3312 821 3462 inpredi
853 3314 895 3375 ab
928 3310 1076 3376 instituto
1105 3323 1221 3376 nostro

207 3395 350 3461 alienum
373 3419 445 3459 esse
468 3419 670 3460 censeamus.
753 3410 862 3461 nterea
884 3420 950 3460 non
973 3395 1052 3473 satis
1077 3408 1220 3479 coastat,

207 3492 365 3570 quantam
389 3482 507 3547 indicis
538 3482 637 3566 liujus
673 3495 705 3547 et
735 3483 920 3569 regularum
952 3482 1086 3544 istarum
1116 3505 1136 3546 a
1156 3482 1219 3547 Pa·

206 3567 315 3632 tribus
339 3568 473 3633 delectis
506 3568 538 3631 in
561 3568 634 3656 ipso
652 3567 801 3635 Concilio
815 3567 1011 3631 Tridentino
1032 3567 1221 3633 conlectum

200 3653 252 3741 ‚sit
270 3654 327 3741 ⁵⁵).
398 3656 430 3717 A
459 3654 594 3720 veritate
622 3664 726 3719 tamen
758 3654 894 3743 propius
921 3652 1037 3716 abesse
1068 3653 1221 3719 videmur

208 3750 408 3820 statuentes,
445 3738 611 3803 materiam
641 3741 704 3805 liae
728 3741 945 3828 pertinentem
964 3737 1071 3826 quoad
1094 3751 1221 3825 partem

208 3826 398 3912 ampliorem
421 3825 454 3887 in
487 3825 559 3912 ipso
592 3825 724 3912 quidem
747 3825 887 3891 coracilio
895 3824 963 3909 jam
984 3833 1220 3906 coacervatam,

207 3913 343 3999 posthac
374 3911 499 3996 syuodo
531 3908 620 3972 linita
651 3935 710 3999 per
743 3911 891 3998 singulos
913 3910 1025 3973 Patres
1051 3910 1221 3974 Tridenti-

208 3997 432 4165 iiis'ai'llia
447 3994 1221 4172 ltulftllgtlttttltt‘tllt‘laltlt

210 4166 400 4255 gomarsinii
424 4166 501 4232 vot.
523 4168 568 4230 ll.
600 4192 635 4256 p.
660 4168 774 4233 xxti.
797 4194 832 4258 p.
854 4166 1027 4252 ml),
1060 4190 1132 4231 eam
1162 4167 1220 4232 de·

246 4359 296 4426 85)
315 4360 376 4415 l'id.
394 4360 493 4416 Concil.
511 4360 628 4418 Trideat
646 4359 678 4415 Τ.
697 4361 733 4416 ll.
750 4379 777 4430 p.
796 4364 850 4416 214
858 4377 898 4428 sq.
916 4362 977 4415 coll·
995 4362 1047 4413 102
1054 4374 1111 4426 sqq.
