2542 4898
183 1561 316 1634 Beatus
332 1552 574 1647 Strcituollius
590 1563 814 1663 interroganti
828 1562 1002 1663 quondam
1019 1563 1119 1655 mint,

113 1664 247 1734 cuinam
260 1662 447 1737 editionem
459 1691 556 1737 suam
570 1665 746 1759 dicaturus
769 1679 874 1757 essct,
903 1668 1052 1766 ingenue
1065 1691 1121 1738 rc·

114 1765 325 1862 spondebat:
351 1768 504 1838 Nemini.
557 1766 662 1858 Quod
688 1770 789 1839 amici
813 1793 1038 1865 responsum,
1067 1766 1120 1839 nl·

112 1870 213 1938 timae
232 1867 420 1940 voluntatis
434 1871 563 1961 instar,
591 1871 647 1967 pie
660 1870 823 1961 colentes,
852 1895 940 1967 opus
965 1882 1121 1942 nostrum

113 1969 284 2040 redivina
312 1973 427 2066 potius
451 1995 555 2068 quam
577 1974 779 2044 auctoritate
804 1971 953 2069 quadam
971 1969 1122 2042 humana

113 2071 347 2143 exornandum
379 2097 455 2144 esse
487 2075 704 2170 putavimus,
739 2099 800 2170 spc
834 2075 993 2144 nimirum
1028 2070 1121 2143 chri·

112 2174 220 2242 stiana
246 2199 424 2270 nunquam
448 2175 650 2267 vacillante,
691 2200 779 2273 quac
809 2174 910 2247 lirmo
935 2176 1036 2245 unius
1061 2197 1121 2244 ve·

113 2275 221 2344 nitatis
259 2275 484 2349 fundamento
519 2278 635 2347 innixa
670 2289 705 2348 et
740 2277 893 2350 consiliis
926 2273 1121 2348 mortalium

114 2374 330 2473 dissidiisque
364 2380 519 2474 superior
547 2380 753 2450 vaticinatur
778 2405 900 2450 aeriam
926 2377 1010 2449 l'clix
1034 2374 1122 2448 illud

112 2476 332 2574 faustumque
348 2482 485 2553 nomine
500 2479 714 2554 Concordiae
728 2483 879 2552 omniurn
889 2478 1020 2552 Christi
1037 2476 1122 2549 lide·

112 2578 194 2650 lium
223 2580 292 2674 sub¹
314 2595 411 2678 prata
436 2583 501 2654 Dei
528 2582 739 2680 providentis
775 2583 878 2654 tutela
912 2581 1004 2652 laute
1038 2604 1121 2650 con·

112 2681 370 2753 celebrandum.
425 2684 503 2755 Scit
519 2710 601 2756 vero
622 2683 739 2754 nullus
760 2683 849 2754 diem
873 2693 976 2779 atque
1000 2679 1122 2751 horam
1152 2678 1160 2692 “

114 2786 190 2878 spei
215 2782 316 2879 liujus
341 2785 555 2882 adimpletae.
611 2783 760 2856 Amicus
783 2784 893 2854 l'elicis
914 2780 1122 2852 recordatio·

113 2888 171 2955 nis
194 2884 266 2973 ille,
293 2888 392 2956 nimis
419 2900 551 2957 mature
577 2885 665 2983 proli
692 2884 790 2957 dolor
816 2884 1012 2970 defunctus,
1041 2908 1121 2953 can·

114 2984 191 3056 dein
221 3011 339 3056 secum
366 2989 541 3059 transtulit
575 2990 611 3058 in
645 2986 742 3059 sedes
773 2987 959 3075 coelestes,
996 2984 1051 3054 cui
1079 3009 1122 3055 ne

113 3101 186 3157 crat
230 3087 368 3184 quidem
407 3115 607 3161 concessum
645 3089 749 3159 linire
790 3114 876 3185 opus
917 3085 1119 3156 humanum.

112 3186 250 3277 Alteri,
279 3204 410 3282 inacte,
439 3192 605 3289 reliquisti
632 3189 898 3285 perficiendum,
926 3187 1028 3290 quod⁹
1045 3213 1122 3257 sus·

114 3317 266 3386 ceperas.
322 3293 414 3363 Num
438 3294 524 3384 tibi,
553 3293 581 3362 si
604 3291 718 3361 adhuc
738 3294 773 3361 in
799 3293 887 3360 vivis
904 3315 1011 3380 esses,
1040 3315 1122 3385 ope·

115 3396 162 3462 ris
186 3392 336 3488 placeret
353 3396 577 3484 continuatio,
606 3419 660 3464 me
678 3392 760 3462 latet
780 3392 941 3489 quidem:
969 3390 1122 3462 studium

115 3508 228 3563 autem
253 3495 460 3567 indefessum
482 3509 584 3591 atque
601 3520 755 3590 operam,
783 3519 887 3590 quam
913 3518 981 3563 una
1007 3503 1122 3563 tecum

114 3598 152 3664 in
176 3595 324 3666 editione
351 3598 415 3667 hac
446 3596 682 3668 concinnanda
709 3595 819 3666 locavi
847 3620 1028 3692 cragnani,
1059 3602 1130 3687 pro‘

116 3699 217 3791 aequi
241 3700 344 3767 animi
367 3703 416 3769 tui
436 3699 584 3769 candore
601 3697 747 3768 libenter
768 3722 986 3794 agnosceres.
1041 3695 1121 3785 Qua

115 3801 192 3868 lreti
220 3802 426 3871 conscientia
462 3800 545 3898 quid
572 3798 698 3870 diutius
732 3811 934 3869 cunctemur
959 3808 994 3868 et
1021 3795 1121 3866 dubi·

115 3913 226 3970 temus
259 3900 387 3996 pultlici
418 3903 505 4000 juris
540 3901 678 3992 l'accce,
712 3926 799 3997 quae
824 3925 946 3970 novem
972 3924 1034 3994 per
1059 3923 1120 3966 an·

114 4030 177 4071 nos
205 4007 293 4072 intra
321 4007 470 4099 privatos
505 4005 651 4099 parietes
689 4013 824 4072 versata
855 4011 948 4072 sunt.
1019 3999 1122 4069 Faxit
1187 4021 1190 4029 ’

113 4103 249 4174 tandem
273 4107 414 4177 Numen
440 4108 606 4200 optimum
631 4106 837 4195 maximum,
873 4113 913 4173 ut
938 4103 1037 4170 etiam
1064 4098 1121 4170 hic

113 4206 211 4279 labor
237 4234 322 4279 suos
350 4209 438 4278 serat
463 4207 596 4278 l'ructus
621 4210 657 4277 in
683 4205 827 4278 salutem
849 4230 890 4275 ac
918 4203 1043 4273 laetum
1068 4227 1120 4271 rc·
