2542 4898
305 113 390 205 Cup.
419 110 463 178 V.
515 110 573 178 Dc
595 110 830 183 Poenitentiu.
999 126 1073 204 393

57 297 274 370 constituunt,
301 294 363 367 ita,
396 306 430 355 ut
454 295 594 378 primum
616 293 745 379 quidem
774 297 908 380 fimPIex
931 295 1074 360 fornica-

57 388 127 456 tio,
149 384 283 443 alterum
305 380 514 456 adulterium,
536 380 664 442 tertium
685 381 834 455 incessus,
855 395 1002 469 quactum
1023 389 1074 447 sn-

56 468 230 549 crisegiom
267 465 499 545 ajdivinacum
531 486 637 527 cecum
669 465 852 527 doctoribus
881 471 1074 554 appelletur}

55 552 198 617 Furtum
225 552 323 613 etiam
356 553 391 613 in
412 551 549 635 peccetis
570 550 801 621 numerandum
823 551 881 613 esi:
917 555 1075 616 verumfi

56 638 134 726 quie
156 656 287 699 nuceum
310 658 475 698 nummum
497 632 640 709 seretur,
671 636 777 697 levius
797 640 932 700 omnino
954 650 1074 724 peccat,

80 743 156 786 uam
176 723 227 795 ie,
268 723 324 805 qui
354 733 498 797 centum,
536 722 587 799 vel
616 722 788 796 ducentos,
820 724 874 785 vel
907 725 1074 806 ingentem

53 746 198 894 iiiqoam
224 808 295 867 euri
319 807 399 880 vicu,
433 808 619 891 praesertim
650 826 727 867 vero
758 807 813 893 qui
836 812 952 871 sacram
975 832 1074 896 pecu-

55 894 148 957 niam
168 891 310 959 abstulit.
354 890 447 973 Quae
468 892 563 953 etium
588 890 669 951 ratio
692 891 730 952 ad
746 892 862 968 locum,
885 906 917 956 et
933 894 971 956 ad
992 909 1074 958 tem-

56 1000 122 1065 pue
145 964 304 1062 pe'rtinet:
339 998 473 1064 quorum
504 977 650 1060 exeutpta
680 976 806 1039 notiora
829 983 901 1042 suut
922 1001 965 1043 ax
986 982 1074 1043 toul.

57 1077 169 1127 torum
192 1063 304 1139 tibris,
324 1084 417 1149 quam
443 1074 476 1123 ut
497 1065 625 1122 anobis
645 1077 945 1128 commemorentur.
986 1065 1074 1129 Haec

57 1150 181 1230 igitur,
200 1159 236 1210 ut
256 1146 420 1223 diximus,
448 1147 661 1209 enumeranda
679 1151 768 1210 sunt:
798 1171 876 1235 quae
897 1173 974 1213 vero
996 1173 1090 1235 pra-,-
1166 1216 1170 1226 ,
1232 1163 1236 1177 ’

57 1234 196 1297 vitatem
217 1232 266 1294 rei
288 1253 481 1317 magnopere
494 1255 561 1297 non
576 1244 702 1314 augent,
725 1234 790 1295 sine
811 1237 945 1300 crimine
963 1237 1073 1301 omitti

58 1318 203 1406 possunt.
223 1314 268 1403 -Ι-

56 1503 74 1584 [
135 1547 144 1566 .
163 1504 217 1573 42.
258 1498 361 1588 Estne
377 1495 544 1598 confeffin
560 1503 597 1568 in
617 1525 686 1590 quo
692 1499 826 1599 sponte.
834 1500 973 1590 aliquid
978 1523 1073 1602 grn-

266 1587 344 1651 vitae
370 1596 554 1668 reticetur,
593 1598 656 1651 aaut
680 1586 902 1674 negligenter
930 1585 1072 1678 excuffo
1133 1659 1142 1683 x

265 1669 352 1756 lunt
369 1681 528 1757 peccato,
556 1672 720 1737 iteranda
732 1676 774 1755 Ρ]

124 1784 225 1850 *set*
251 1785 290 1847 ad
312 1780 542 1850 consessionem
570 1788 650 1852 adeo
682 1787 888 1852 necessarium
923 1785 980 1861 est,
1019 1796 1186 1861 unumst·

57 1871 146 1957 quod
174 1884 267 1935 antea
289 1869 452 1946 diximus,
486 1875 631 1954 integra,
659 1886 693 1938 et
712 1875 856 1947 obsolute
884 1871 940 1946 sit,
968 1881 1020 1945 ut,
1050 1872 1075 1934 si

57 1954 133 2042 quie
156 1954 265 2023 dedita
287 1977 402 2042 opere,
424 1956 487 2019 alia
511 1958 639 2044 quidem
659 1981 702 2023 ex
723 1959 793 2029 iis,¹
816 1978 894 2042 quae
918 1956 1076 2040 explicari

56 2042 196 2123 debant,
218 2043 471 2130 praetermittat,
491 2046 552 2107 alia
576 2066 652 2106 vero
675 2041 895 2107 tantummodo
918 2043 1075 2104 confitea-

56 2136 124 2203 auc,
144 2151 214 2195 non
237 2128 339 2191 solum
360 2149 403 2190 ex
425 2149 461 2189 ee
490 2123 687 2193 consessione
714 2131 744 2191 is
773 2123 975 2189 commodum
998 2127 1077 2188 nul·

56 2212 130 2276 lum
150 2216 371 2299 consequatur,
391 2212 444 2277 sed
466 2217 563 2277 etiem
587 2236 674 2277 novo
697 2215 814 2277 scelere
834 2217 867 2275 se
888 2211 1076 2291 obstringate

57 2318 165 2384 neque
204 2295 363 2382 'ejusmodi
396 2313 597 2383 peccatorum
632 2298 843 2377 enumeratio·
870 2291 1075 2361 consessionis

57 2387 211 2458 acumine,
232 2387 268 2446 in
291 2405 351 2470 qua
373 2386 560 2448 sacramenti
583 2386 665 2446 catio
687 2386 776 2458 insit,
805 2381 995 2466 appellanda
1015 2382 1074 2444 att:

58 2472 140 2554 quin
160 2470 269 2555 potius
302 2470 484 2553 poenitenti
512 2465 744 2543 consessionem¹
761 2480 912 2553 ,repetere
946 2465 986 2529 eli
1014 2488 1076 2529 ne-

58 2550 163 2629 cesse,
194 2558 289 2641 seque
311 2555 416 2638 ipsum
450 2554 541 2618 illine
562 2555 684 2642 peccati
711 2576 803 2619 raum
837 2547 958 2628 facere,
990 2550 1076 2636 quod
1150 2581 1156 2593 ‘

55 2637 249 2703 sacrementi
272 2642 470 2703 sanctitatem
503 2643 705 2704 simulatione
731 2634 939 2703 consessionis
968 2638 1078 2698 viola-

55 2722 158 2787 verit.
211 2722 258 2787 At
294 2745 395 2801 vero,
427 2724 533 2789 fiaiia
559 2727 598 2789 de
619 2731 707 2789 causa
737 2720 927 2786 consessioni
949 2721 1189 2809 aliquiduxma.

57 2804 196 2872 defuisse
220 2807 377 2880 videntur,
399 2810 452 2872 vel
474 2813 547 2897 quia
568 2813 739 2897 poenitens
762 2808 919 2871 nonnulle
941 2810 1075 2872 crimina

59 2893 184 2958 oblitus
205 2888 324 2970 suerit,
345 2896 400 2958 vel
419 2896 493 2980 quie
514 2898 727 2960 conscientiae
748 2892 820 2957 suae
841 2894 978 2955 latebras
1008 2915 1076 2958 nou

56 2978 106 3042 ita
127 2991 270 3041 accurata
292 2980 537 3064 perquisivarit‚
570 3004 640 3044 cum
663 2994 769 3042 tamen
791 2977 872 3039 illud
902 2979 936 3037 in
965 2979 1074 3040 animo

56 3063 211 3140 heberet,
240 3076 275 3126 ut
302 3067 428 3144 integre
449 3077 573 3151 peccata
603 3068 710 3129 omnin
731 3060 958 3130 confiteretuc3
988 3064 1076 3124 nihil

58 3150 92 3212 ei
120 3170 204 3234 opus
226 3151 288 3211 erit
306 3148 535 3213 consessionem
556 3153 693 3229 iterare3
713 3148 788 3211 setis
810 3158 915 3208 autam
936 3146 1077 3224 habebit,

58 3236 85 3296 Ji
112 3232 239 3321 quando
275 3249 419 3318 peccatu,
452 3259 531 3322 quae
555 3239 675 3298 oblitus
706 3245 790 3306 erut,
822 3233 857 3294 iu
887 3233 1075 3295 memoriam

55 3319 238 3397 reduxerit,
259 3341 297 3383 ea
318 3321 474 3384 sacerdoti
497 3323 563 3384 alio
583 3334 729 3406 tempore
747 3318 907 3385 confiteri.
946 3316 986 3379 In
1009 3335 1158 3402 emunxti.

56 3416 170 3469 teman
188 3404 506 3470 animadvertendum
529 3407 587 3482 esi,
620 3429 661 3470 ne
689 3399 829 3483 sorte⁵⁰)
851 3403 950 3464 nimis
974 3402 1077 3464 disso-

57 3492 149 3566 lute,
181 3502 215 3553 et
243 3491 369 3553 remisse
399 3494 627 3557 conscientiam
658 3490 792 3554 nostram
821 3490 949 3551 scrutati
970 3490 1076 3565 lituus,
1157 3494 1170 3505 “

12 3627 24 3643 ,
58 3575 204 3662 adeoque
237 3578 439 3656 negligenter
459 3591 597 3663 ¹peccate
625 3575 757 3639 admissa
787 3575 945 3637 memoria
980 3597 1077 3658 repe·
1156 3604 1159 3611 ¹

58 3672 128 3724 tace
149 3661 378 3738 studuerimus,
412 3675 448 3725 ut
475 3685 513 3726 ea
534 3686 580 3729 ne
603 3661 764 3727 recordari
787 3660 917 3749 quidem
938 3659 1077 3725 votuttte

93 3870 144 3937 50)
162 3868 236 3924 sorte
254 3887 303 3922 om.
322 3870 395 3925 cuod.
