2542 4898
10 17 1224 319 u

1183 348 1191 363 Ι

980 376 984 383 ι

290 436 295 445 ¹
577 439 581 448 ι

124 462 133 475 Ι

252 634 342 733 Cap,
361 634 444 707 XII.
493 632 552 704 De
578 634 769 727 undecimo
796 638 898 707 attic.
927 690 931 697 .
1010 646 1108 733 2²3·

62 833 155 887 ctum
166 815 264 885 affut:
284 819 373 903 cnjus
389 827 496 882 lernen
509 815 716 904 cupiditatem
734 819 769 882 iu
780 817 1009 882 resurrectione
1028 839 1086 881 ex-

10 965 15 971 .
64 905 221 996 plendam
233 901 307 982 effe,
328 905 393 967 tine
410 904 609 967 dubitatione
621 904 792 967 credimus.
825 903 990 968 Praeterea
1009 905 1085 967 latis

65 993 195 1068 conflat,
209 991 474 1055 resurrectionem
490 1011 598 1074 aeque,
619 992 874 1065 accusationem,
892 991 977 1053 inter
990 1011 1085 1074 prae·

64 1083 96 1142 ci
123 1076 236 1141 uaDei
250 1097 346 1162 opera
368 1077 541 1138 numerari.
564 1072 843 1155 Quemadmodum
862 1077 962 1155 igitur
978 1076 1100 1139 omnia·
1182 1092 1187 1109 ¹

66 1102 173 1227 aileu
191 1162 291 1226 initio
311 1163 482 1223 creationis
497 1152 635 1246 perlecta
648 1156 794 1237 luerunt,
814 1162 860 1222 ita
872 1163 968 1223 etiam
980 1164 1089 1222 resur·

65 1250 214 1313 rectione
235 1243 378 1310 futurum
400 1246 536 1308 omnino
556 1245 712 1308 affirmare
734 1258 876 1331 oportet.
916 1245 1025 1331 Neque
1049 1245 1196 1309 inxuro.
1230 1272 1234 1279 ·

66 1335 103 1398 id
122 1335 163 1397 de
184 1332 377 1412 martyribus
394 1330 497 1394 solum
516 1326 679 1393 solendum
695 1330 745 1409 ett,
770 1331 809 1394 de
829 1332 942 1418 quibus
962 1323 1098 1395 tanetus*

66 1418 266 1501 Augustinus
281 1417 326 1478 ita
342 1416 484 1481 testatur:
510 1417 541 1494 ²)
555 1415 629 1478 Non
642 1427 735 1479 erunt
756 1420 874 1503 absque
893 1418 963 1478 illis
982 1438 1087 1478 irrem-

69 1508 157 1567 bris:
178 1525 246 1568 non
267 1502 360 1590 enim
376 1500 479 1587 pollet
501 1501 559 1563 illa
582 1502 745 1564 mutilatio
768 1525 836 1565 non
857 1502 920 1565 elle
941 1501 1088 1586 corporis

68 1591 210 1655 vitium:
233 1587 390 1674 alioquin,
412 1589 467 1673 qui
483 1588 586 1672 cupite
603 1588 739 1650 truncati
754 1591 839 1666 sunt,
856 1587 1007 1650 deberent
1022 1588 1088 1659 line

70 1677 179 1762 capite
212 1676 385 1753 resurgere.
414 1685 633 1735 verumtamen
663 1673 826 1736 exstabunt
851 1674 886 1736 in
913 1672 1089 1739 eorundem

67 1763 290 1824 membrorum
311 1758 454 1833 articulis
475 1757 574 1837 gladii
609 1760 788 1831 cicatrices,
822 1755 866 1839 12)
894 1754 1089 1835 refulgentes

70 1851 286 1931 superemus
314 1865 443 1916 aurum,
464 1855 496 1905 et
520 1842 659 1929 lapidem
680 1845 875 1928 pretiosum,
895 1845 998 1906 veluti
1021 1842 1089 1906 *et*
1124 1846 1127 1851 ’
1150 1834 1159 1852 ‘

70 1929 235 1996 cicatrices
248 1929 418 1992 vulnerum
433 1926 594 1991 etutttt:”
616 1929 700 2015 qnod
717 1934 746 2009 ⁸)
768 1929 808 1992 de
829 1929 988 2013 improbis
1005 1950 1089 2014 quo-
1182 1972 1190 1990 .

71 2038 136 2105 que
153 2013 317 2079 veriffime
347 2014 482 2089 dicitur,
509 2016 566 2076 etti
587 2015 721 2077 illorum
742 2014 833 2100 culpa
855 2015 996 2077 urrernbra
1018 2035 1090 2077 am·
1129 2084 1131 2089 λ

71 2112 186 2189 putata
218 2095 352 2163 suerint.
407 2120 481 2162 narn
512 2122 575 2187 quo
613 2101 707 2186 plura
740 2101 881 2162 membra
916 2101 1090 2175 habebunt,

71 2198 167 2250 tanto
194 2184 351 2247 acerbiori
379 2184 529 2248 dolorum
563 2187 700 2248 cruciatu
732 2187 959 2248 eoraficientur:
993 2205 1090 2271 quare

71 2274 134 2336 itta
164 2273 380 2334 membrorum
411 2271 565 2333 rellitutio
594 2293 659 2333 rron
687 2269 727 2331 ad
749 2292 860 2334 eorum
890 2266 1090 2346 felicitatem,

71 2358 128 2422 [ed
152 2355 191 2423 ad
216 2355 259 2436 1ὅ)
287 2355 517 2433 calamitatem,
546 2378 580 2417 ac
608 2357 770 2419 mileciam
791 2357 832 2419 est
860 2355 1103 2432 redundaturaa

71 2465 147 2507 cum
175 2443 290 2506 merita
315 2463 384 2504 non
411 2442 487 2527 ipl'rs
518 2442 687 2517 rnembris,
719 2441 772 2505 led
799 2446 972 2527 personas,
1004 2443 1091 2522 cujus

73 2528 206 2614 corpori
229 2526 394 2608 conjuncta
408 2532 491 2602 l'unt,
511 2527 735 2592 adscribentur.
756 2547 829 2588 narn
853 2527 911 2600 iis,
931 2526 987 2611 qui
1009 2547 1092 2611 poe-

72 2614 248 2680 nitentiam
271 2624 419 2692 egerunt,
446 2612 484 2673 ad
507 2614 702 2697 praemium,
733 2613 800 2672 illis
822 2610 865 2687 ¹4)
895 2633 992 2687 vero,
1034 2608 1091 2696 qui

73 2695 211 2763 eandem
232 2695 489 2782 contempserint,
511 2697 548 2758 ad
561 2699 754 2783 supplicium
773 2698 981 2759 restituentur.
1004 2694 1090 2757 llaec

72 2807 155 2848 vero
178 2786 202 2846 li
224 2806 241 2845 a
261 2782 414 2844 Paroclris
437 2793 556 2845 attente
578 2773 824 2857 conliderentur‚
847 2802 1018 2866 numquam
1041 2783 1090 2842 eis

71 2891 185 2934 rerum
206 2880 240 2931 et
264 2869 490 2931 sententiarum
513 2860 604 2951 copla
627 2869 729 2932 deerit
751 2868 788 2928 ad
810 2867 1013 2941 excitandos,
1037 2867 1092 2927 in·
1190 2926 1195 2937 ,

72 2953 350 3040 flammandosque
389 2954 520 3037 pietatis
559 2954 657 3015 lludio
691 2953 838 3015 fidelium
869 2953 1016 3014 animos:
1057 2960 1092 3013 ut
1134 3012 1139 3028 ,

73 3045 166 3105 ritae
185 3042 280 3122 liujus
305 3040 480 3113 molelliae,
501 3049 532 3100 et
554 3060 722 3101 aerumnas
743 3040 938 3116 cogitantes,
969 3039 1092 3100 beatam

73 3129 168 3189 illam
190 3126 430 3188 resurrectionis
459 3124 611 3205 gloriam,
641 3147 718 3212 quae
738 3125 839 3210 jullis,
871 3135 903 3187 et
923 3123 988 3210 piis
1010 3144 1092 3209 pro·

74 3215 177 3299 polita
197 3212 256 3288 etl,
279 3210 373 3272 aride
399 3216 595 3296 exspectent.

75 3400 160 3490 [Qu.
180 3413 212 3475 8.
257 3398 451 3484 corporane
471 3396 665 3474 bominum,
688 3399 866 3486 postquam
891 3396 1094 3485 resurrexe-

255 3484 341 3556 rint,
362 3481 516 3568 amplius
533 3483 656 3547 mortis
669 3481 721 3569 leg
728 3482 808 3547 ibus
818 3482 1051 3568 subjicientur
1059 3483 1092 3566 ?]

160 3597 329 3684 *Sequitur
351 3617 452 3667 nurrc,
483 3608 515 3655 ut
536 3594 649 3658 fideles
678 3596 889 3676 intettigmt*
915 3598 938 3657 ss
960 3590 1206 3681 salpe-xum,

75 3694 218 3757 ctemus,
253 3701 332 3767 ques
354 3681 498 3766 corporis
522 3679 718 3743 lubllantiam
741 3683 948 3756 constituunt,
979 3704 1092 3766 quarn-

74 3772 129 3831 vis
153 3766 236 3830 illud
265 3771 387 3851 ipsum,
423 3777 516 3851 atque
550 3767 635 3828 idem
667 3789 782 3852 corpus
814 3789 831 3830 a
867 3770 1004 3829 mortuis
1040 3789 1093 3829 re-

71 3856 187 3917 vocari
217 3864 385 3938 oporteat,
431 3850 515 3936 quod
538 3864 629 3915 antea
652 3854 838 3916 exstinctum
861 3850 980 3926 luerat,
1016 3854 1093 3914 lon-

72 3964 115 4023 ge
150 3941 248 4011 aliam
278 3950 406 4012 tanren,
431 3949 463 3997 et
498 3935 656 4000 divertam
685 3941 751 4022 ejus
779 3939 1003 4001 condicionem
1036 3934 1092 4001 fo·

112 4095 164 4162 ss)
181 4098 324 4167 Perpetem
343 4097 371 4147 in
389 4095 488 4153 Atdrt„
507 4096 647 4168 Lugrl,1.‚
667 4097 721 4148 cot.
736 4106 771 4156 1.,
787 4097 867 4148 Leod.
885 4108 913 4148 et
932 4097 1009 4150 (lem.
1021 4115 1091 4149 com-

110 4187 155 4219 ma
174 4168 242 4225 boc,
272 4168 344 4239 quod
360 4167 442 4222 Febr.
460 4178 487 4218 et
505 4169 635 4238 Lugrl.2.
663 4169 776 4238 prorsus
794 4170 938 4226 omittunt,
962 4179 1025 4222 unte
1050 4175 1092 4220 cl-

107 4243 226 4291 catrices
248 4237 368 4308 pofitum
393 4239 440 4309 est.
460 4266 493 4280 -·
535 4243 581 4304 13)
601 4242 648 4289 Ita
676 4241 742 4292 ΑΜ.
762 4252 786 4300 1.
811 4249 838 4290 et
865 4240 959 4307 Clent.;
984 4241 1090 4305 Arno.

108 4329 171 4362 cunr
187 4310 282 4381 reliqu.
307 4330 355 4361 om.
372 4312 415 4365 ad.
432 4338 468 4355 -·
504 4312 550 4378 tlt)
567 4314 630 4364 aliis
648 4312 738 4383 Aug„
762 4314 835 4383 Mag.

97 4438 140 4518 Ιι)
161 4436 206 4490 cr.
223 4441 298 4506 nug.
316 4433 368 4488 ter·
383 4440 444 4496 soe·
465 4453 489 4488 c·
504 4434 712 4504 auinaue->³
730 4442 843 4504 moos·
861 4454 888 4490 n.
904 4442 946 4495 rs.
964 4416 1093 4509 (nisa)
